2138 2748
689 250 722 277 A.
743 249 891 277 GELLII
904 249 984 277 LIB.
1003 249 1028 277 I.
1045 250 1132 277 ‘CAR
1168 250 1288 278 XVIII.
1861 253 1881 285 9

99 337 208 367 Latina
231 338 336 375 quarto
362 336 398 374 [V
421 337 486 367 scil.
509 337 613 376 5101]
638 337 751 367 tradit?
772 336 878 376 Lepus,
902 337 1010 376 inquit,
1043 338 1119 376 quod
1151 339 1166 367 ὲ
1199 337 1318 369 Siculet‘s
1350 340 1465 378 quidam
1494 339 1599 370 Graeci
1625 340 1719 371 dicunt
1744 339 1880 382 λέποριν,

101 380 120 409 ὰ
141 379 236 410 Roma
251 378 327 418 quod
347 379 402 409 orti
423 377 520 417 Siculi,
548 383 575 409 vt
597 380 716 410 annales
737 381 826 410 nostri
847 383 952 410 veteres
974 380 1077 419 dicunt,
1092 381 1222 419 sortasse
1242 382 1306 411 hinc
1334 382 1398 412 illue
1425 383 1545 412 tulerunt
1572 386 1597 412 et
1624 384 1684 413 heic
1710 385 1881 423 reliquerunt

99 421 132 452 id
151 431 260 453 nomen.
295 430 374 460 quae
406 422 550 452 Varronis
579 423 672 452 verba
694 423 721 453 si
743 425 824 453 recte
851 422 974 462 habent,
1003 423 1061 452 sibi
1089 427 1237 462 repugnat
1265 425 1358 455 Varro
1393 425 1420 455 ἃ
1452 426 1544 456 sentit
1575 435 1641 456 cum
1675 427 1772 457 Aelio.
1807 426 1880 465 quid

101 465 179 495 enim
202 465 284 495 aliud
306 465 354 494 his
377 465 479 495 verbis
502 464 584 502 dicit,
618 474 708 503 quam
731 465 850 496 Siculos
883 467 902 495 a
929 465 1074 495 Romanis
1108 467 1251 497 oriundos
1274 477 1383 498 nomen
1405 468 1510 507 teporis
1539 469 1577 499 ab
1606 469 1644 499 iis
1666 470 1831 508 accepisse,
1854 469 1881 500 ἀ

99 505 225 548 λέποριν
247 516 391 537 vocasse:
415 507 486 538 inde
508 508 548 537 ad
570 508 688 538 Siculos
710 508 889 538 vocabulum
912 508 987 538 illud
1009 509 1209 547 transtulisse,
1238 519 1338 547 neque
1359 514 1459 540 tamen
1488 512 1585 542 minus
1613 512 1695 550 apud
1718 512 1880 551 Romaffinos
1897 523 1924 549 p.
1946 515 1980 541 88

99 549 282 589 reliquisse?
315 559 375 588 quo
400 550 474 588 quid
497 553 544 580 est
566 553 584 580 a
607 554 706 581 mente
728 551 883 589 Varronis,
905 554 938 580 vt
959 551 1008 581 hic
1032 551 1153 589 quidem
1176 553 1312 591 traditur,
1342 553 1491 583 alienius?
1525 555 1579 584 sed
1609 555 1754 585 Varronis
1776 556 1879 593 verba,

99 602 178 632 quae
190 593 247 623 viri
259 593 340 623 docti
354 593 392 623 de
404 593 513 623 mendo
531 602 569 623 ue
587 596 730 632 suspecta
748 594 870 632 quidem
888 593 1066 633 habuerunt,
1084 597 1154 624 sunt
1165 598 1320 633 corrupta:
1338 604 1395 625 nec
1413 605 1473 634 quo
1493 597 1601 635 corrigi
1620 601 1731 635 queant
1747 598 1880 629 inuenio.

252 644 340 674 multa
362 645 434 674 enim
457 645 588 684 illorum]
634 646 716 683 enim,
751 645 839 675 abest
871 647 889 675 a
922 645 1007 675 libris
1030 646 1198 683 nonnullis:
1229 645 1255 675 ἀ
1278 649 1325 676 est
1346 647 1377 676 in
1400 647 1448 686 iis,
1470 651 1592 686 vientur,
1615 658 1676 678 non
1698 653 1819 688 aluntur,
1843 648 1881 685 ἀ,

98 687 234 726 imorem,
256 695 327 726 non,
350 687 491 726 iynoram.

250 738 409 767 stillarum
431 739 512 777 essa}
557 739 733 769 Buslidiano
768 739 872 778 deest,
905 739 1026 769 illorum.
1062 740 1144 778 quod
1178 742 1278 770 tamen
1311 743 1431 771 veteres
1464 741 1577 772 habent
1609 743 1686 774 libri.
1720 744 1750 772 in
1774 743 1879 773 editio-

98 780 188 811 nibus
222 781 405 819 quibusdam
439 784 502 820 est3
534 782 611 811 illum
644 791 723 821 quem
756 792 830 812 nunc
863 784 1016 812 nominant.
1051 783 1080 812 in
1110 783 1194 822 aliisg
1231 783 1308 813 illum
1337 793 1419 822 quem
1440 794 1513 814 nunc
1540 786 1674 816 nominat.
1708 788 1740 815 at
1761 788 1880 815 veteres

97 819 244 862 publicati
267 824 401 862 itemque
425 825 540 854 calamo
565 825 695 862 exarati3
718 825 788 854 illud
809 825 885 864 quod
906 835 978 854 nunc
1007 826 1151 855 nominant
1180 825 1308 858 lienem.
1338 827 1478 856 videntur
1500 828 1591 866 igitur
1611 825 1742 869 γραικόν
1764 828 1880 858 dixisse

98 865 247 896 Graecum.
282 867 486 897 testimonium
507 868 643 905 requiro:
667 877 767 906 neque
789 870 897 898 testem
919 868 1046 906 produci
1067 869 1168 900 video.

246 920 362 956 puteum
390 919 470 957 essa]
517 928 578 947 esse
609 919 695 949 deest
722 920 877 957 plerisque
905 920 1001 950 libris.
1036 918 1167 949 dixerint
1197 920 1287 958 igitur
1314 921 1385 950 olim
1415 921 1523 951 Graeci
1545 918 1666 952 πύτεον.
1702 922 1784 959 quod
1807 923 1880 952 alibi

97 968 159 990 uon
180 962 293 990 temere
308 961 454 999 reperias.
487 970 668 999 quamquam
692 963 785 992 Varro
809 963 885 992 libro
910 962 948 992 de
970 963 1073 1000 lingua
1094 962 1203 992 Latina
1226 962 1363 1000 quarto&
1389 964 1493 994 eadem
1517 965 1581 994 sere
1604 965 1742 995 inculcat.
1767 969 1880 1004 puteus,

98 1002 206 1042 inquit,
229 1003 306 1041 quod
326 1004 361 1032 sit
379 1003 521 1033 Graecum
544 1005 688 1043 antiquum
705 1015 762 1034 non
784 1008 811 1034 v!
833 1015 906 1034 nunc
929 1003 1029 1045 φρέαρ
1052 1005 1164 1034 dictum.
1199 1006 1255 1035 viri
1278 1006 1359 1036 docti
1375 1007 1581 1045 reponendum
1597 1010 1704 1046 putant
1725 1008 1756 1037 in
1778 1008 1880 1038 verbis

98 1045 253 1084 Varronis,
278 1045 420 1075 Graecum
443 1047 587 1085 antiquum
609 1044 719 1088 ποτήρ.
755 1047 837 1085 quod
860 1048 940 1077 vnde
963 1048 1096 1077 habeant
1117 1049 1233 1086 ignoro.
1269 1050 1349 1078 certe
1372 1058 1428 1079 nec
1451 1050 1480 1079 in
1495 1050 1639 1079 Varronis
1662 1059 1719 1080 nec
1741 1051 1771 1080 in
1788 1050 1880 1081 Gellii

97 1088 182 1118 libris
204 1089 419 1118 vetustissimis
441 1098 569 1127 vsquam
590 1090 621 1119 id
645 1092 807 1128 comparet.
842 1090 868 1120 si
890 1092 990 1120 tamen
1014 1091 1095 1129 apud
1117 1091 1281 1120 Varronem
1305 1092 1450 1130 recipias,
1474 1102 1584 1122 causae
1606 1102 1666 1123 non
1690 1096 1737 1123 est
1759 1094 1832 1131 quin
1855 1094 1880 1124 ἅ.

97 1131 156 1161 hue
178 1130 359 1162 admittatur.

250 1182 344 1212 Laelii
366 1183 528 1221 inyenium.]
575 1183 717 1222 emendat,
752 1183 786 1213 L.
809 1182 892 1219 Aelii,
929 1187 980 1214 aut
1002 1185 1104 1222 potius
1126 1187 1159 1214 vt
1182 1185 1280 1215 estin
1310 1186 1432 1224 optimis
1460 1188 1656 1227 membranis,
1691 1187 1779 1227 Aelii,
1814 1188 1879 1218 sine

97 1225 308 1264 praenomine:
333 1224 359 1254 ἀ
381 1225 460 1255 infra
483 1226 581 1255 scribe
605 1226 638 1255 de
662 1226 694 1256 L.
718 1225 808 1264 Aelio,
832 1236 903 1266 nou,
932 1225 1043 1266 Laelio,
1067 1227 1138 1257 item
1162 1227 1196 1257 L.
1220 1227 1327 1266 Aelim,
1350 1238 1411 1258 non
1434 1230 1559 1260 Laelius.

255 1285 311 1305 non
332 1276 528 1315 reprehendo.]
575 1277 662 1307 deest
684 1278 804 1316 negatio
828 1279 931 1308 alteris
954 1279 1135 1309 membranis
1157 1274 1294 1309 Puteani.
1330 1281 1412 1318 quod
1434 1281 1538 1311 vitium
1567 1291 1604 1311 ex
1626 1282 1678 1311 illa
1705 1291 1766 1311 non
1794 1282 1881 1312 intel·

98 1319 176 1349 lecta
208 1319 355 1356 loquendi
387 1319 515 1358 ratione,
548 1329 604 1350 non
637 1319 720 1350 modo
743 1330 800 1350 mm
821 1321 995 1360 reprehendo
1018 1321 1070 1350 sed
1091 1322 1186 1361 laudo,
1219 1332 1285 1360 pro,
1319 1323 1371 1352 sed
1398 1324 1481 1353 etiam
1503 1324 1589 1354 laudo
1612 1325 1702 1354 traxit
1724 1325 1878 1362 originem·

99 1361 181 1400 quod
203 1363 303 1391 tamen
325 1362 406 1400 apud
428 1363 654 1392 Iureconsultos
676 1365 797 1393 nostros
820 1366 880 1393 tam
905 1366 951 1394 est
973 1363 1117 1402 frequens
1140 1367 1172 1394 vt
1195 1365 1234 1395 sit
1257 1366 1403 1404 exemplis
1427 1367 1695 1406 supersedendum,
1726 1377 1804 1405 quae
1834 1368 1879 1397 vir

98 1404 243 1435 maximus
265 1404 415 1435 Antonius
436 1405 623 1444 Augustinus
646 1406 882 1436 Tarraconensis
903 1407 1042 1445 pontifex
1065 1407 1184 1437 abunde
1207 1409 1300 1438 multa
1322 1410 1486 1447 congessit.

250 1464 409 1485 successum
432 1457 503 1486 enim
519 1457 661 1495 fortuna]
709 1457 745 1496 si,
769 1457 876 1496 inquit,
899 1459 1085 1496 praeclarum
1111 1459 1226 1496 aliquid
1248 1462 1364 1490 tentes:
1393 1461 1425 1489 id
1447 1463 1529 1490 tuum
1553 1464 1609 1500 est,
1634 1470 1731 1499 eoque
1758 1462 1878 1491 nomine

98 1498 215 1528 laudari
239 1498 333 1528 debes
357 1499 382 1528 si
406 1499 556 1537 succedit,
579 1499 718 1529 fortunae
742 1502 804 1530 est:
828 1500 853 1529 ἀ
874 1501 905 1530 in
929 1502 995 1530 sola
1018 1502 1205 1539 experientia
1233 1504 1284 1531 tua
1312 1503 1379 1532 laus
1403 1506 1450 1533 est
1481 1504 1591 1542 posita.
1626 1505 1670 1534 sic
1702 1505 1878 1542 plerumque

101 1541 293 1571 consiliorum
317 1541 407 1570 etiam
429 1542 507 1571 bene
530 1543 735 1572 consultorum
759 1545 897 1573 euentum
919 1553 1098 1582 prosperum
1121 1544 1260 1574 fortunae
1283 1545 1398 1584 damus,
1428 1546 1578 1576 infelicem
1601 1547 1771 1576 temeritati.
1815 1547 1879 1577 Sal—

97 1584 206 1614 lustius
228 1584 420 1614 historiarum
442 1585 519 1614 libro
544 1585 677 1615 secundo
703 1585 750 1624 [fr.
774 1586 824 1624 36,
849 1586 887 1615 37
913 1586 951 1616 ed
974 1587 1055 1625 min.,
1079 1587 1144 1625 Kr.,
1169 1587 1208 1616 30
1237 1588 1303 1626 D.]:
1338 1588 1385 1618 Ad
1411 1589 1463 1618 hoc
1495 1589 1666 1628 rumoribus,
1696 1589 1821 1619 aduersa
1850 1590 1880 1618 in

94 1627 277 1665 pmuitatem,
300 1627 425 1656 secunda
447 1628 476 1656 in
499 1628 628 1666 casurum
650 1628 800 1665 fortunam
822 1629 851 1658 in
874 1630 1053 1658 temeritatem
1081 1629 1248 1660 declinando
1272 1631 1498 1670 corrumpebant.
1534 1632 1589 1662 sed
1617 1633 1702 1662 loeus
1723 1633 1774 1662 ille
1797 1632 1879 1670 apud

98 1669 229 1699 Nonium
258 1669 293 1707 [s.
316 1679 346 1701 v.
368 1679 469 1699 rumor
488 1680 525 1711 J).
551 1671 622 1710 385,
648 1672 663 1700 3
689 1670 740 1709 Μ.]
770 1671 858 1701 etiam
889 1681 985 1701 meam
1008 1673 1038 1701 in
1062 1673 1247 1711 corrigendis
1270 1673 1405 1704 historiis
1429 1675 1563 1705 Sallustii
1586 1675 1661 1713 fugit
1683 1674 1878 1715 indulstriam.
1896 1687 1923 1714 p.
1947 1679 1980 1705 89

99 1713 218 1742 omnino
243 1712 334 1742 scribi
358 1713 575 1755 debet3s0rtia
597 1714 626 1743 in
648 1715 836 1743 temeritatem.
872 1715 956 1753 quod
977 1716 1167 1753 probationis
1190 1725 1251 1746 non
1275 1720 1352 1754 eget.

250 1764 279 1793 in
306 1763 404 1802 priore
432 1763 523 1802 libra]
568 1765 734 1795 rectissime
763 1766 885 1803 quidam
914 1767 1044 1804 vulgati3
1078 1767 1107 1795 in
1132 1768 1260 1805 primore
1288 1767 1369 1798 libro.
1404 1778 1471 1798 nam
1502 1769 1585 1806 quod
1607 1769 1637 1798 in
1660 1769 1879 1807 antiquissimis
1898 1776 1912 1805 ξ
1933 1775 1949 1801 3

99 1805 283 1836 editionibus
312 1808 368 1844 est,
396 1807 425 1835 in
452 1807 552 1845 priore
580 1807 650 1837 ferri
673 1817 733 1837 non
755 1810 867 1847 potest.
901 1818 939 1838 ne
969 1809 1042 1838 illud
1071 1810 1193 1847 quidem
1217 1811 1299 1848 quod
1321 1811 1351 1840 in
1375 1812 1609 1850 antiquissimis3
1632 1813 1661 1841 in
1679 1814 1774 1851 primo
1797 1811 1879 1841 libro.

99 1858 159 1878 non
183 1849 262 1879 enim
285 1849 322 1878 de
346 1849 488 1879 librorum
511 1859 634 1880 numero
659 1851 730 1890 agit,
754 1851 809 1881 sed
831 1851 869 1881 de
892 1852 961 1881 libri
978 1852 1189 1890 quartidecimi
1211 1853 1276 1883 siue
1291 1854 1467 1884 Diuinarnm
1491 1855 1556 1884 siue
1577 1855 1779 1884 Humanarum
1794 1857 1879 1893 parte

97 1891 214 1930 priore:
238 1892 369 1930 ideoque
393 1893 560 1932 subiungit3
584 1893 636 1922 sed
657 1893 686 1922 in
705 1895 865 1932 posteriore
887 1894 1012 1924 eiusdem
1041 1894 1107 1924 libri
1124 1899 1218 1934 parte,
1253 1897 1407 1935 eleganter
1434 1899 1533 1927 autem
1562 1898 1638 1927 dixit
1661 1897 1788 1935 Gellius,
1819 1899 1878 1936 pri-

99 1943 177 1964 more
200 1934 280 1972 libro,
315 1944 381 1973 pro,
411 1937 511 1974 priore
534 1936 594 1965 eius
614 1939 708 1974 parte,
743 1937 820 1966 sicut
842 1940 966 1966 extremo
989 1937 1060 1967 libro
1081 1939 1185 1977 primo,
1219 1948 1285 1978 pro,
1319 1943 1446 1969 extrema
1469 1940 1533 1969 libri
1551 1940 1642 1979 primi
1666 1944 1750 1979 parte
1779 1940 1878 1970 dicere

102 1978 324 2008 consueuimus.
359 1978 403 2008 sic
428 1977 604 2016 primoribus
626 1979 749 2017 diyitulis
771 1979 896 2010 Plautus
920 1980 1039 2018 [Bacch.
1064 1981 1105 2010 IV
1128 1982 1158 2020 4,
1183 1981 1221 2010 24
1245 1991 1273 2012 v.
1298 1982 1358 2011 675
1381 1983 1440 2021 R‚],
1461 1982 1634 2021 primoribus
1657 1982 1740 2012 labiis
1764 1983 1878 2021 [immoz

101 2020 204 2059 labris]
228 2020 308 2050 idem
330 2021 455 2050 Plautus
480 2021 572 2059 [Trin.
589 2021 630 2050 IV
654 2022 683 2060 2,
707 2022 746 2052 65
770 2032 798 2051 v.
823 2023 884 2051 910
906 2023 953 2061 R.]
978 2023 1004 2052 <ic
1027 2023 1132 2053 Cicero
1157 2024 1206 2062 [de
1229 2034 1271 2055 or.
1296 2025 1310 2054 1
1332 2025 1351 2064 ξ
1376 2026 1432 2063 873
1455 2035 1485 2064 p.
1509 2025 1591 2056 Cael.
1615 2026 1634 2064 ξ
1659 2026 1715 2063 28;
1737 2026 1879 2056 Hortens.

99 2062 135 2092 fr.
160 2063 198 2092 88
222 2072 254 2101 p.
277 2063 337 2093 986
362 2062 440 2102 Or.²,
471 2063 509 2092 93
533 2074 563 2102 p.
589 2065 649 2093 324
672 2065 733 2103 M.],
753 2066 908 2103 primorem
929 2069 1039 2104 partem
1062 2067 1101 2097 M.
1125 2066 1201 2096 Cato
1231 2067 1281 2106 [de
1304 2069 1395 2106 agric.
1426 2078 1451 2098 c.
1477 2069 1538 2107 51],
1567 2069 1716 2099 dixerunt.
1761 2068 1878 2098 Gellius

102 2105 170 2143 ipse
188 2109 302 2144 partem
325 2106 423 2136 domus
444 2107 599 2146 primorem
620 2107 697 2137 libro
721 2108 800 2138 XVI.
824 2117 890 2146 cap.
914 2107 980 2140 XV.
1005 2109 1104 2147 [immo
1128 2118 1153 2140 c.
1177 2109 1204 2139 V
1229 2110 1249 2149 ξ
1273 2111 1312 2149 2].
1348 2111 1386 2140 de
1409 2120 1469 2149 qno
1494 2112 1565 2141 alibi
1588 2112 1687 2141 latius.

251 2156 296 2185 De
318 2158 428 2186 ratione
449 2157 670 2197 vocabulorum]
715 2159 791 2189 haec
823 2160 880 2188 viri
913 2160 957 2188 illi
979 2160 1051 2189 boni
1074 2161 1116 2190 ita
1138 2164 1329 2200 acceperunt,
1364 2163 1451 2200 quasi
1474 2163 1651 2191 Varroniani
1674 2163 1742 2191 libri
1765 2162 1878 2192 ferrent

100 2207 172 2236 prae
195 2207 229 2228 se
244 2199 376 2229 titulum:
400 2199 531 2238 ideoque
554 2210 646 2239 supra
668 2202 868 2240 seripserunt3
890 2202 920 2231 in
940 2203 1034 2241 primo
1057 2202 1092 2232 de
1119 2205 1229 2233 ratione
1250 2205 1451 2235 vocabulorum
1473 2205 1554 2235 libro.
1588 2214 1656 2235 nam
1679 2205 1704 2234 ἀ
1724 2206 1877 2244 primorem

101 2244 169 2271 sunt
188 2242 313 2280 primum
335 2243 533 2281 interpretati,
557 2243 582 2272 ἀ
605 2244 688 2281 illud,
711 2245 746 2273 de
768 2245 877 2274 ratione
898 2244 1109 2283 vocabulorum,
1138 2247 1177 2276 ad
1198 2255 1308 2277 nomen
1329 2248 1397 2277 libri
1419 2249 1592 2278 retulerunt.
1626 2248 1717 2277 miror
1744 2257 1796 2277 eur
1815 2257 1876 2277 non

101 2283 181 2314 idem
214 2285 258 2314 illi
281 2285 371 2314 alium
395 2286 484 2315 etiam
507 2286 685 2317 Varroniani
707 2288 776 2317 libri
798 2288 926 2326 titulum,
960 2287 994 2317 de
1015 2297 1068 2318 vsu
1090 2290 1231 2328 utriusque
1253 2290 1375 2330 linquae,
1409 2291 1490 2329 item,
1524 2290 1558 2319 de
1581 2290 1615 2321 1..
1641 2290 1729 2327 Aetio,
1770 2290 1877 2320 eodem

100 2327 159 2357 hoc
181 2329 318 2366 exemplo
341 2328 484 2358 tentarint
505 2328 659 2367 effingere.

252 2478 281 2513 ¹³)
302 2479 360 2507 Lib.
379 2480 404 2507 V
423 2480 482 2507 scil.
501 2482 516 2512 ξ,
534 2481 569 2507 25
589 2479 776 2517 significatum
795 2485 825 2509 at
842 2482 905 2517 ipsa
924 2482 994 2510 haec
1012 2482 1102 2510 verba
1120 2483 1261 2518 pertinent
1280 2484 1376 2518 potius
1395 2486 1425 2511 at
1444 2484 1490 2511 lib.
1510 2484 1549 2511 Vl
1568 2479 1644 2517 (olim
1663 2484 1699 2515 V)
1718 2487 1733 2517 5
1752 2484 1795 2511 84.

1671 2528 1688 2543 ἢ
