2138 2748
863 266 988 314 -ιὲ

75 368 147 408 τοὺς
173 368 353 412 χρωμένους
381 367 474 412 αύτῷ·
503 368 525 411 ἤ
548 369 599 401 διὰ
620 368 655 401 τὸ
677 369 729 402 τὸν
757 368 879 412 Πύρρον
906 368 1029 411 πρῶτον
1055 367 1225 411 νικήσαντα
1247 365 1426 411 ὑμνηθῆναι
1452 367 1551 411 τούτῳ
1573 370 1616 412 τῷ
1639 368 1752 411 μέτρῳ,
1774 367 1852 410 ὅπερ

76 420 115 453 εκ
141 420 196 453 τοῦ
221 419 385 463 πυρριχίου
413 419 532 463 μᾶλλον
565 420 733 464 σύγκειται.
783 419 977 463 Τροχατος
1005 420 1040 452 δὲ
1069 418 1132 452 ἀπὸ
1160 420 1339 464 μεταφορᾶς
1364 420 1424 452 τῶν
1452 420 1485 460 ἐξ
1513 420 1609 463 ὕψους
1642 421 1684 459 εἰς
1710 419 1853 453 ταπεινὸν

75 469 216 514 ἡκόντων
237 471 345 513 λίθων,
368 471 400 504 οἳ
419 472 473 504 καὶ
494 471 616 514 τρέχειν
642 471 694 504 τὸν
722 471 887 515 βαδίζοντα
913 470 1214 514 παρασκευάζουσιν·
1244 469 1267 514 ἢ
1294 470 1346 503 διὰ
1367 472 1402 504 τὸ
1424 470 1494 510 τοὺς
1522 471 1760 514 περιτρέχοντας
1781 471 1853 510 τοὺς

74 522 197 566 βωμούς
217 520 316 566 τούτῳ
337 522 380 565 τῷ
404 521 505 566 μέτρῳ
527 522 621 566 ᾅδειν.
665 522 874 561 Σπονδεΐος
895 522 940 563 δέ,
964 522 1071 565 ἐπειδὴ
1095 522 1274 561 σπένδοντες
1295 527 1358 561 τοῖς
1372 522 1460 561 θεοῖς
1474 524 1529 555 καὶ
1544 523 1708 565 ζητοῦντες
1726 519 1852 565 ἀγαθόν

73 584 102 606 τι
128 570 200 616 παρ’
231 571 332 606 αὕτῶν
358 572 456 616 τούτῳ
485 573 528 616 τῷ
557 573 658 616 μέτρῳ
690 572 857 617 χρώμεθα.
900 572 1056 616 Ἴαμβος
1085 574 1120 606 δὲ
1147 571 1170 616 ἧ
1198 573 1244 606 ὅτι
1271 573 1301 605 οἱ
1326 573 1536 616 λοιδοροῦντες
1562 573 1660 616 τούτῳ
1682 574 1726 616 τῷ
1746 573 1850 616 μέτρῳ
1911 582 1926 605 ⁶

74 624 222 668 ἐχρῶντο,
246 624 395 668 ἰαμβίζειν
415 623 477 667 γάρ
500 625 564 657 ἐστι
585 625 620 657 τὸ
643 621 783 668 ὑβρίζειν·
806 624 828 667 ἦ
850 624 938 667 παρὰ
956 623 1090 668 Ἰάμβης
1110 624 1218 668 κόρης,
1241 624 1307 667 ἥτις
1323 625 1460 667 αἰσχρῶς
1475 624 1659 668 ὑβρισθεῖσα
1680 628 1724 667 τῷ
1747 624 1849 667 μέτρῳ

73 674 173 719 τούτῳ
200 674 323 719 ἀγχόνῃ
351 674 404 708 τὸν
432 675 497 719 βίον
524 675 704 709 κατέλυσεν·
734 674 756 718 ἦ
784 675 830 708 ὅτι
855 672 877 718 ἧ
905 675 1057 719 Δημήτηρ
1085 676 1253 718 περίλυπος
1279 675 1358 708 οὖσα
1381 676 1431 708 ἐπὶ
1452 677 1491 719 τῇ
1515 675 1643 718 ἁρπαγῇ
1665 678 1721 718 τῆς
1742 675 1851 719 Κόρης

74 726 281 770 παρεξενώθη
303 727 358 760 τινὶ
378 727 501 770 γυναικὶ
522 726 696 770 Μετανείρῃ
718 726 898 770 καλουμένῃ
921 726 1004 759 κατὰ
1025 726 1082 770 τὴν
1102 726 1259 770 Ἀττικήν,
1282 727 1320 770 ἧς
1342 725 1363 770 ἠ
1386 726 1564 770 θεράπαινα
1587 725 1707 770 Ἰάμβη
1735 727 1850 760 καλου-

75 777 152 822 μένη
184 777 434 821 παρεμυθήσατο
460 777 517 821 τὴν
543 777 712 821 Δήμητραν
738 777 914 821 ὀρχουμένη
941 777 1040 821 τούτῳ
1066 778 1110 821 τῷ
1133 778 1245 822 μέτρῳ.
1290 777 1484 817 Δάκτυλος
1506 777 1569 810 ἀπὸ
1591 779 1769 821 μεταφορᾶς
1790 780 1851 811 τῶν

74 824 228 872 ἅρμονιῶν
248 832 309 862 τῶν
331 827 502 862 δακτύλων·
526 825 589 862 ἀπὸ
610 829 672 872 γὰρ
694 831 750 872 τῆς
772 829 896 872 μακρᾶς
918 829 968 862 ἐπὶ
989 829 1044 868 τὰς
1067 830 1219 873 βραχείας
1241 829 1438 873 κατέρχεται.
1460 827 1709 868 Ἀνάπαιστος
1735 829 1780 868 δέ,
1804 829 1850 862 δτι
1889 838 1923 859 ιο

75 876 228 914 ἀνάπαλιν
255 880 298 923 τῷ
326 879 472 922 δακτύλῳ
499 879 583 912 παίει
614 879 685 922 ἤτοι
717 880 891 923 στρέφεται.
932 879 1204 924 Ἀμφίμακρος,
1238 880 1284 913 ὅτι
1312 881 1511 922 ἑκατέρωθεν
1538 880 1594 912 δύο
1623 880 1746 923 μακρὰς
1771 881 1849 923 ἔχει.

69 927 340 975 Ἀμφίβραχυς,
363 930 408 964 ὅτι
423 931 622 973 ἑκατέρωθεν
637 930 693 964 δύο
710 931 859 975 βραχείας
873 932 950 974 ἔχει.
995 931 1203 975 Βακχεῖος,
1227 932 1334 974 ἐπειδὴ
1351 932 1380 964 οί
1400 929 1487 974 ῧμνοι
1501 935 1562 964 τῶν
1577 931 1850 975 διθυραμβοποιῶν

73 981 150 1024 πρὸς
164 981 308 1015 Διόνυσον
323 981 365 1021 ὡς
380 982 430 1014 ἐπὶ
444 981 479 1015 τὸ
494 982 637 1015 πλεῖστον
660 983 698 1015 ἐκ
712 982 828 1015 τούτων
845 982 1020 1026 σύγκεινται
1037 983 1097 1015 τῶν
1111 983 1224 1015 ποδῶν.
1268 982 1570 1026 Παλιμβάκχειο
1578 994 1606 1024 ς,
1629 980 1675 1015 ὅτι
1697 979 1849 1016 ἀνάπαλιν

75 1034 130 1066 τοῦ
164 1033 318 1077 βακχείου
350 1032 510 1067 διάκειται.
565 1034 750 1076 Χορεῖος,
789 1033 836 1066 ὅτι
869 1034 901 1066 ἐν
935 1038 998 1073 τοῖς
1033 1038 1140 1077 χοροῖς
1177 1034 1295 1077 μᾶλλον
1318 1034 1455 1077 ἐχρῶντο
1491 1035 1535 1077 τῷ
1573 1033 1701 1076 τοιούτῳ
1736 1033 1848 1077 μέτρῳ.

74 1083 287 1127 Πολοττός,
309 1084 355 1117 ὅτι
377 1084 460 1128 ᾠδὰς
481 1084 624 1128 λέγουσιν
645 1084 815 1128 ἐμμέτρους
837 1085 1040 1128 συγκειμένας
1062 1086 1100 1117 ἐκ
1121 1085 1266 1118 τοιούτων
1287 1086 1392 1118 ποδῶν
1406 1086 1439 1118 έν
1459 1087 1503 1128 τῷ
1526 1085 1598 1128 ἱερῷ
1620 1085 1676 1128 τῆς
1697 1084 1850 1127 Δωδώνης
1890 1093 1923 1116 1⁶

75 1134 153 1178 πρὸς
174 1134 298 1179 μνήμην
319 1135 497 1176 Μολοσσοῦ,
519 1135 586 1168 υἱοῦ
608 1135 732 1178 Πύρρου
755 1137 810 1168 καὶ
827 1133 1052 1180 Ἀνδρομάχης,
1075 1135 1158 1179 ἥπερ
1181 1136 1274 1179 ἑορτὴ
1296 1136 1475 1169 Μολόσσεια
1497 1136 1625 1178 ὕστερον
1647 1135 1786 1179 ἐκλήθη.

227 1256 268 1298 <5
293 1255 382 1297 18·.>
425 1255 470 1288 Τὸ
500 1255 684 1300 ἰαμβικὸν
711 1256 848 1300 μέτρον
869 1257 1030 1300 τρίμετρον
1051 1257 1106 1300 μέν
1126 1257 1199 1297 ἐστι,
1227 1256 1379 1299 κέκτηται
1407 1257 1442 1288 δὲ
1469 1256 1620 1298 διαφορὰς
1646 1256 1712 1288 δύο·
1741 1255 1798 1298 τήν
1818 1259 2017 1294 τε(ρ.3236.)

76 1305 286 1350 ἀρχαιοτέραν
307 1308 362 1339 καὶ
383 1307 440 1350 τὴν
462 1307 734 1350 μεταγενεστέραν.
775 1306 943 1340 Ἐκαλεῖτο
970 1308 1006 1340 δὲ
1026 1307 1062 1340 τὸ
1085 1309 1140 1350 μὲν
1167 1306 1372 1351 ἀρχαιότερον
1397 1307 1536 1350 κωμικόν
1561 1318 1596 1340 τε
1618 1308 1673 1339 καὶ
1693 1307 1852 1350 τραγικόν,

77 1357 102 1401 ᾤ
124 1357 261 1391 καὶτῶν
281 1358 423 1391 παλαιῶν
451 1359 481 1391 οἱ
506 1358 630 1398 πλείους
658 1357 844 1402 ἐχρήσαντο·
873 1359 908 1392 τὸ
937 1359 972 1391 δὲ
1002 1358 1151 1402 νεώτερον
1178 1358 1324 1402 καθαρόν
1351 1370 1386 1391 τε
1407 1360 1463 1391 καὶ
1483 1358 1643 1402 τρίμετρον
1664 1358 1779 1401 κυρίως
1800 1357 1852 1390 διὰ

77 1409 113 1442 τὸ
140 1414 221 1452 τρεῖς
247 1409 346 1448 πόδας
373 1409 528 1453 δέχεσθαι
554 1406 636 1442 καθ’
664 1407 859 1452 ὑπαλλαγήν,
888 1410 999 1453 ἴαμβον
1027 1411 1082 1442 καὶ
1103 1410 1264 1453 πυρρίχιον
1286 1411 1341 1442 καὶ
1363 1411 1532 1442 σπονδεῖον·
1562 1409 1660 1452 τούτῳ
1690 1410 1726 1442 δὶ
1754 1405 1853 1452 ὀλίγοι
1889 1418 1925 1441 2⁰

77 1464 138 1494 τῶν
164 1457 305 1504 ἀρχαίων
332 1460 518 1504 ἐχρήσαντο.
567 1460 699 1504 Δέχεται
727 1460 780 1494 οὖν
808 1461 842 1493 τὸ
873 1462 928 1504 μὲν
956 1460 1089 1504 ἀρχαῖον
1117 1461 1149 1494 ἐν
1178 1462 1232 1504 μὲν
1260 1462 1298 1504 τῇ
1328 1460 1436 1504 πρώτῃ
1466 1462 1520 1493 καὶ
1541 1461 1627 1504 τρίτῃ
1650 1462 1705 1493 καὶ
1725 1460 1851 1503 πέμπτῃ

231 1617 243 1643 1
264 1625 306 1651 sq.
325 1618 397 1644 conf.
417 1617 449 1644 H.
468 1617 637 1644 Grossmann
652 1616 699 1644 ‘de
722 1617 863 1644 doctrinae
882 1617 1011 1644 metricae
1029 1616 1152 1650 reliquiis
1172 1616 1206 1642 ab
1225 1615 1369 1642 Eustathio
1388 1613 1513 1641 servatis'
1535 1623 1596 1648 pag.
1616 1615 1649 1641 23
1667 1623 1709 1648 sq.
1743 1615 1753 1647 ss
1791 1615 1801 1640 1
1823 1614 1852 1639 τό

78 1669 131 1688 om.
150 1659 177 1687 Ρ
211 1659 220 1694 ΙΙ
255 1661 291 1687 ad
308 1660 378 1686 2—4
397 1660 468 1687 conf.
491 1660 638 1694 Georgium
657 1660 750 1687 Amsel
770 1659 816 1687 'de
835 1661 861 1686 vi
880 1663 963 1694 atque
986 1660 1080 1686 indole
1104 1659 1293 1692 rhythmorum
1317 1658 1383 1692 quid
1406 1660 1511 1684 veteres
1536 1655 1724 1684 iudicaverint*
1752 1657 1852 1683 νηῦς-

78 1703 168 1731 laviae
188 1703 254 1730 1887
273 1712 335 1738 pag.
354 1704 389 1730 60
407 1711 448 1738 sq.
493 1703 502 1737 ΙΙ
544 1704 560 1730 2
580 1703 614 1730 H
628 1703 656 1730 in
680 1711 765 1737 marg.
786 1704 867 1730 rubro
887 1703 975 1730 addit:
999 1702 1082 1729 πόθεν
1100 1706 1226 1736 τροχαῖος
1269 1702 1278 1735 ΙΙ
1324 1702 1343 1728 4·
1361 1701 1394 1728 Η
1409 1702 1437 1728 ἰι]
1456 1709 1541 1734 marg.
1561 1701 1642 1727 rubro
1662 1701 1750 1727 addit:
1769 1701 1853 1727 πόθεν

78 1748 214 1779 σπονδεῖος
247 1746 257 1781 ΙΙ
292 1746 383 1780 inum)
397 1746 406 1781 ]
420 1746 563 1780 δτιίπειδὴ
583 1746 617 1772 H
648 1746 657 1781 ΙΙ
692 1746 787 1781 θεοῖς]
806 1747 870 1778 θεος
884 1745 920 1773 Μ
951 1746 960 1780 ΙΙ
995 1747 1012 1772 5
1031 1754 1048 1772 a
1065 1742 1125 1778 παρ’
1142 1743 1227 1771 αὐτῶν
1239 1745 1290 1772 inc.
1305 1745 1352 1771 sol.
1365 1745 1435 1771 207¹
1450 1744 1483 1771 H
1514 1744 1523 1778 ΙΙ
1558 1742 1662 1778 αὐτῶν]
1682 1740 1763 1770 αὐτοῦ
1776 1743 1813 1770 M
1844 1744 1854 1777 Ι

78 1791 147 1818 5-6
165 1798 214 1824 pro
233 1789 324 1817 verbis
342 1789 472 1823 χρώμεθα
490 1798 578 1824 usque
597 1790 632 1816 ad
651 1791 766 1823 ἐχρῶντο
785 1789 822 1817 Μ
835 1789 904 1816 nihil
924 1789 1009 1815 habet
1027 1789 1079 1815 nisi
1097 1788 1242 1822 ὺχθρῶντο,
1270 1788 1304 1814 Η
1324 1788 1392 1814 nihil
1412 1788 1463 1814 nisi
1483 1788 1598 1820 εχρῶντο
1637 1787 1647 1821 Ι
1692 1788 1761 1813 5-9
1780 1788 1851 1813 conf.

79 1842 101 1860 e.
126 1842 150 1868 g.
173 1833 205 1860 H.
229 1833 399 1860 Grossmann
423 1833 440 1860 l.
465 1841 486 1860 c.
510 1842 571 1867 pag.
594 1834 716 1864 fflo-ffl,
735 1833 764 1860 G.
783 1832 877 1859 Amsel
896 1833 914 1859 1.
933 1841 955 1858 c.
975 1840 1036 1866 pag.
1061 1832 1099 1858 18.
1122 1832 1155 1858 97
1177 1840 1218 1866 sq.
1263 1831 1273 1866 fl
1316 1832 1332 1857 6
1352 1831 1385 1857 H
1399 1831 1427 1857 in
1452 1839 1536 1864 marg.
1560 1831 1642 1857 rubro
1661 1830 1749 1856 addit:
1769 1830 1853 1855 πόθεν

77 1878 173 1910 ῑαμβος
214 1875 224 1910 ΙΙ
268 1876 406 1911 ὓχρῶντο]
428 1876 544 1910 χρῶνται
566 1876 597 1903 K
641 1876 650 1911 ΙΙ
695 1876 748 1909 γάρ
771 1876 806 1903 Η
825 1885 842 1902 a
865 1876 953 1910 prima
974 1883 1071 1905 manu.
1088 1875 1126 1934 gd
1149 1874 1183 1900 H
1203 1882 1219 1900 a
1242 1874 1394 1900 recentiore
1418 1882 1500 1900 manu
1548 1874 1557 1907 ΙΙ
1603 1873 1638 1899 ab
1661 1874 1776 1906 αἰσχρῶς
1800 1873 1851 1899 inc.

1034 1917 1086 1935 κατ

79 1946 127 1973 fol.
146 1946 182 1972 Gr
198 1945 230 1972 K
261 1945 271 1980 fl
306 1946 323 1972 8
343 1945 513 1980 Μετανείρῃ]
531 1947 587 1978 νίβῃ
606 1945 643 1980 K,
674 1946 730 1978 νίβη
749 1943 845 1971 PMH
875 1943 885 1978 ΙΙ
919 1943 1013 1978 κατὰ]
1032 1943 1105 1976 παρὰ
1124 1943 1185 1976 (sic)
1201 1943 1234 1969 H
1250 1951 1266 1969 a
1281 1943 1368 1976 prima
1382 1951 1466 1969 manu
1501 1942 1511 1976 fl
1545 1944 1562 1967 9
1575 1939 1739 1975 ὀρχουμένην
1754 1941 1810 1968 ΚΡ
1843 1942 1854 1975 Ι

82 1990 99 2016 9
117 1988 151 2016 Η
169 1989 197 2016 in
219 1996 304 2022 marg.
328 1988 409 2015 rubro
429 1989 517 2015 addit:
541 1988 673 2019 δάκτυλος
716 1987 725 2022 ΙΙ
771 1988 804 2013 10
822 1996 839 2013 a
856 1987 904 2018 τὰς
923 1986 974 2013 inc.
997 1986 1044 2013 fol.
1066 1987 1134 2013 183¹·
1154 1985 1191 2012 M
1230 1986 1239 2020 ΙΙ
1282 1986 1351 2020 τοὶς]
1379 1987 1427 2019 τῆς
1450 1985 1485 2012 H
1529 1986 1539 2020 fl
1590 1985 1697 2011 10—11
1723 1986 1795 2012 cons.
1819 1985 1852 2011 Η.

80 2033 250 2060 Grossmann
273 2032 291 2058 l.
312 2032 338 2058 ὀ.
362 2040 425 2066 pag.
448 2032 483 2058 24
525 2030 535 2065 fl
580 2031 612 2058 10
635 2031 670 2058 H
688 2031 716 2058 in
739 2039 824 2064 marg.
849 2030 930 2057 rubro
954 2029 1042 2056 addit:
1072 2027 1232 2061 ἀνάπαιστος
1275 2029 1285 2063 ΙΙ
1331 2030 1358 2055 11
1386 2030 1511 2062 στρέφετε
1534 2027 1570 2055 M
1610 2028 1619 2062 ΙΙ
1664 2028 1697 2055 Η
1716 2028 1743 2054 in
1766 2036 1851 2061 marg.

79 2075 162 2108 rubro
185 2075 273 2102 addit:
296 2072 469 2108 ἀμφίμακρος
516 2074 526 2109 ΙΙ
574 2074 606 2100 1ss
633 2073 668 2100 Η
690 2074 718 2100 in
745 2081 830 2107 marg.
858 2073 940 2100 rubro
969 2073 1056 2099 addit:
1085 2069 1253 2106 ἀμφίβραχυς
1298 2072 1308 2106 ΙΙ
1356 2074 1481 2105 βραχείας
1507 2071 1605 2098 litteris
1634 2073 1726 2104 βραχεί
1747 2071 1775 2098 in
1798 2079 1852 2098 m.

79 2118 187 2153 scriptis
214 2116 260 2144 Μι
306 2117 316 2152 fl
364 2118 477 2144 12-14
500 2119 571 2144 conf.
594 2117 626 2144 Η.
650 2117 819 2144 Grossmann
843 2117 861 2143 l.
889 2125 911 2142 c.
939 2124 1000 2150 pag.
1027 2116 1062 2142 25
1107 2116 1117 2150 11
1166 2116 1198 2142 13
1225 2117 1267 2142 ἐπὶ
1289 2116 1326 2141 τῶ
1349 2117 1469 2142 πλεῖστον
1491 2115 1525 2147 P,
1548 2115 1742 2140 επιτοπλεῑπον
1765 2113 1800 2141 M
1842 2114 1853 2148 Ι

80 2178 199 2214 τούτων]
217 2160 316 2206 oegiiwv
334 2177 366 2205 K
397 2177 407 2213 11
441 2177 576 2212 σύγκειται
593 2177 630 2209 Κ,
644 2160 778 2212 σύγκεῖται
799 2177 859 2211 (sic)
880 2176 914 2203 H
931 2185 948 2203 a
969 2177 1057 2211 prima
1077 2185 1160 2203 manu
1195 2176 1205 2211 ΙΙ
1240 2178 1290 2203 τῶν
1308 2178 1396 2202 ποδῶν
1415 2175 1498 2210 MH]
1517 2177 1605 2202 ποδῶν
1623 2174 1679 2202 ΚΡ
1712 2174 1722 2209 Ι
1756 2175 1853 2207 παλιμ-

82 2223 206 2256 βακχεῑος
223 2221 251 2248 Ρ
284 2221 294 2256 ΙΙ
334 2219 464 2248 ἀναπάλιν
483 2220 519 2248 Μ
555 2222 565 2256 ΙΙ
608 2221 640 2248 14
656 2223 703 2248 τοῦ
723 2220 871 2255 βακχείου]
895 2223 1038 2254 exspectes
1061 2221 1097 2253 τῷ
1122 2222 1238 2254 βακχείῳ
1272 2219 1282 2253 ΙΙ
1316 2219 1429 2254 χοροῖς]
1447 2219 1539 2252 χόροις
1557 2218 1584 2244 Ρ
1617 2219 1627 2253 Ι
1664 2218 1695 2244 15
1713 2219 1853 2250 ῦνμάτρους

80 2264 118 2292 M
156 2264 166 2300 u
208 2264 278 2300 τῆς]
297 2265 361 2291 1:23⁴?
379 2263 421 2297 M,
443 2265 491 2298 τῆς
514 2273 598 2299 quam
619 2266 656 2291 τῶ·
679 2265 707 2291 in
730 2264 765 2290 H
780 2266 887 2290 exstare
911 2263 1081 2297 probabilius
1101 2266 1142 2290 est
1184 2262 1194 2297 fl
1240 2263 1271 2289 16
1290 2262 1390 2295 πύρρου
1414 2258 1461 2297 K]
1485 2262 1532 2288 τοῦ
1551 2261 1650 2295 πύρρου
1669 2260 1703 2293 Ρ,
1722 2261 1801 2293 τύρου
1820 2259 1856 2287 M

82 2308 164 2343 (conf.
185 2308 288 2342 Uhligii
306 2307 414 2341 Proleg.
433 2308 468 2334 ad
487 2307 598 2342 Dionys.
617 2307 716 2334 Thrac.
734 2315 796 2341 pag.
815 2307 874 2333 XIV
893 2307 928 2340 8).
947 2306 1029 2339 τήρου
1048 2306 1082 2332 Π
1113 2306 1122 2340 ΙΙ
1163 2305 1291 2339 μολόσσια
1309 2305 1418 2338 ὕστερον
1441 2305 1476 2336 K,
1501 2305 1624 2338 μολὸοσει
1641 2304 1704 2337 (inc.
1724 2304 1772 2331 fol.
1790 2304 1853 2335 84¹1)

80 2350 188 2385 ὕστερον
206 2350 233 2378 Ρ
275 2350 285 2385 {1
330 2351 362 2377 17
389 2359 450 2385 sqq.
469 2351 504 2378 ad
532 2351 568 2385 ἕξ
589 2351 710 2378 18—19d
733 2351 805 2377 cons.
823 2350 856 2376 H.
876 2358 923 2376 zur
939 2349 1172 2376 Jacobsmuehlen
1191 2349 1401 2383 Pseudo-Heph.
1421 2357 1482 2383 pag.
1502 2348 1605 2374 74-78
1643 2348 1653 2381 Ι
1695 2348 1725 2374 17
1744 2347 1853 2374 titulum

81 2396 202 2428 περὶτοῦ
217 2395 340 2428 ἰαμβικοῦ
355 2396 451 2427 μέτρου
466 2394 644 2428 praemittunt
659 2394 691 2421 K
701 2395 739 2429 (in
754 2393 887 2427 margine)
902 2391 1024 2426 Pwfin
1043 2393 1177 2426 margine)
1211 2393 1221 2426 fl
1259 2393 1289 2418 17
1308 2400 1369 2426 sqq.
1389 2392 1424 2418 ad
1443 2393 1460 2425 5
1483 2392 1527 2418 18·
1551 2392 1622 2417 conf.
1642 2390 1851 2424 Pseudo-nepta.

83 2438 100 2472 5
112 2437 148 2464 ⁴0
160 2439 188 2464 et
198 2437 232 2464 H.
245 2445 293 2464 zur
303 2437 535 2464 Jacobsmuehlen
548 2437 613 2465 ibid.
626 2446 688 2472 pag.
701 2438 736 2463 80
747 2446 798 2471 sq..
815 2437 917 2463 Anecd.
936 2436 998 2462 Var.
1011 2435 1023 2462 1
1035 2444 1096 2470 pag.
1115 2436 1166 2462 242
1185 2436 1231 2469 (ad
1252 2435 1282 2461 17
1292 2450 1326 2454 ——
1341 2444 1402 2469 pag.
1416 2436 1455 2466 16,
1465 2436 1482 2461 5
1497 2435 1568 2461 cons.
1583 2434 1665 2461 etium
1685 2442 1708 2460 e.
1722 2442 1746 2467 g.
1759 2434 1852 2460 annal.

83 2480 216 2515 philolog.
227 2489 252 2508 a.
263 2481 330 2508 1885
342 2488 404 2515 pag.
415 2480 476 2514 755)
505 2480 515 2515 ΙΙ
549 2481 582 2507 17
592 2479 685 2514 μενΜ
713 2480 723 2515 fl
762 2480 876 2513 18ιιτ-ἠν
885 2478 1303 2512 μιταγενεστίρανὶηολοΙᾹΟῚν
1317 2478 1351 2505 Η
1375 2478 1386 2512 Ι
1416 2478 1448 2505 19
1457 2476 1821 2511 εχρὴ(ἰιιο.ίοΙ.6’)σιιντοΚ
1845 2477 1855 2510 Ι

83 2523 119 2550 20
129 2524 207 2550 τοῦτο
217 2522 286 2551 MH
311 2523 320 2558 ΙΙ
349 2523 381 2550 21
393 2525 469 2550 οτῶν
478 2523 530 2550 inc.
543 2523 591 2550 fol.
606 2524 671 2550 183ν
685 2522 722 2550 M
747 2523 756 2558 11
786 2522 821 2550 Η
826 2523 854 2550 in
863 2530 948 2557 marg.
958 2521 1041 2548 rubro
1052 2522 1139 2549 addit:
1149 2522 1179 2548 τὸ
1190 2518 1302 2555 ἀρχαῖον
1311 2521 1431 2555 ἰαμβικὸν
1459 2522 1469 2556 Ι
1503 2517 1612 2557 πρώτῃ]
1626 2522 1653 2547 et
1665 2520 1710 2548 hic
1723 2527 1852 2547 numerus
