2138 2748
1166 263 1204 293 12

297 372 523 403 coniecturam
546 368 782 401 Herbstianam
805 367 989 407 probarent
1011 367 1044 397 et
1065 366 1270 405 argumentis
1300 376 1354 397 me
1378 366 1511 407 quidem
1540 365 1648 397 iudice
1677 364 1833 396 omnibus
1860 372 1929 394 non
1958 361 2064 402 magis

296 422 415 454 validis
446 432 544 463 quam
568 421 641 461 ipsa
663 420 720 451 illa
731 419 934 451 Herbstiana
957 417 1074 449 fulcire
1091 417 1273 455 studerent,
1298 417 1358 449 sed
1380 417 1469 449 haud
1491 416 1598 458 pauci,
1623 416 1678 457 qui
1693 425 1753 456 per
1767 414 1940 456 proximos
1956 422 2065 446 annos

298 474 507 505 coniecturas
531 472 742 504 coniecturae
764 469 988 502 Herbstianae
1018 470 1050 499 et
1079 468 1200 508 partim
1229 479 1290 509 pro
1319 469 1430 501 dolor!
1465 469 1565 501 etiam
1593 467 1880 500 Hamacherianae
1914 467 1948 497 et
1979 464 2064 506 ipsis

297 524 469 556 inutilibus
493 523 588 564 quasi
613 523 892 563 superstruerent.
930 520 972 551 Et
994 519 1152 551 adnotavi
1175 520 1329 560 equidem
1352 521 1424 559 has,
1449 530 1588 561 quarum
1611 519 1702 551 nulla
1724 518 1930 550 accuratiore
1952 516 2067 558 dispu-

295 576 423 607 tatione
447 584 559 610 coram
582 574 678 605 vohis
701 572 784 604 mihi
806 572 938 603 videtur
961 580 1067 610 egere,
1091 571 1147 611 qui
1171 573 1291 611 sponte
1320 571 1513 612 intellegitis
1547 573 1580 603 et
1614 571 1756 608 sentitis,
1793 579 1908 601 earum
1940 567 2067 600 nullam

295 627 406 659 verbis
440 636 460 658 a
493 625 638 658 librariis
671 624 804 656 traditis
838 622 1109 663 praeferendam,
1142 622 1320 663 plerasque
1354 623 1395 654 iis
1429 623 1681 663 posthabendas
1721 631 1811 654 esse:
1851 619 2066 663 coniecerunt

295 679 431 716 scilicet,
455 680 635 719 postquam
657 686 747 709 anno
771 675 992 716 praecedente
1014 674 1056 706 lis
1080 674 1167 706 inter
1189 674 1403 713 Horatianos,
1426 677 1464 706 ut
1486 674 1532 706 ita
1555 675 1673 712 dicam,
1697 675 1730 706 et
1744 672 1967 705 Herbstianos
1983 669 2066 703 satis

296 730 477 762 vehemens
507 731 540 761 et
568 729 688 760 acerba
717 730 791 759 orta
820 728 920 765 esset,
950 736 1034 766 quae
1061 735 1122 766 per
1150 726 1322 766 proximos
1353 736 1484 767 quoque
1507 736 1616 758 annos
1638 727 1823 766 propagata
1845 725 1906 762 est,
1929 733 1959 756 a.
1984 721 2066 754 1875

296 782 380 813 Guil.
413 782 454 813 H.
488 781 641 813 Roscher
674 789 752 811 ann.
785 779 866 819 phil.
899 778 969 815 111,
997 776 1059 809 643
1089 787 1138 818 sq.
1168 777 1214 818 (6)
1243 776 1416 810 ‘solibus
1450 775 1607 816 atrum',
1642 777 1726 809 Guil.
1759 775 1990 808 Hirschfelder
2022 773 2065 806 ad

293 833 487 865 Herbstium
529 843 565 864 se
598 831 771 872 applicans
805 832 868 861 act.
903 839 1011 870 gymn.
1044 839 1076 869 p.
1111 829 1173 860 603
1208 839 1256 870 sq.
1291 829 1337 870 (7)
1376 839 1505 870 prope
1534 838 1694 867 canum,
1724 827 1883 860 solibus
1912 827 2065 864 ustum.

294 885 402 916 Iustus
430 884 507 924 Jeep
537 884 571 915 in
600 883 744 924 epistula
771 892 792 913 a
813 882 963 920 Krugero
993 882 1255 912 commemorata
1278 880 1322 921 (8)
1358 880 1518 916 solibus
1541 890 1693 917 assum,
1727 889 1757 911 a.
1783 878 1864 911 1876
1887 878 1925 910 Ο.
1947 877 2065 910 Muner

293 936 328 967 in
350 937 596 976 programmate
621 933 833 966 Berolinensi
850 928 920 963 ‘ein
938 931 1245 972 Begleitschreiben
1269 932 1328 963 des
1344 932 1454 964 Horaz
1477 942 1517 964 zu
1539 932 1657 964 seinen
1680 928 1877 964 Sermonen’
1903 927 2065 970 inscripto

293 998 325 1028 p.
355 988 373 1018 3
407 997 479 1028 sqq.
517 996 592 1018 cum
625 985 837 1017 Hamachero
868 993 974 1024 eoque
1002 993 1072 1015 non
1101 983 1230 1015 felicior
1258 983 1299 1015 de
1327 984 1440 1024 palma
1469 986 1601 1016 certans
1625 983 1671 1024 (9)
1689 979 1954 1024 ‘praeconum
1977 989 2067 1012 sor-

294 1038 413 1070 dibus
437 1036 599 1078 aptum’,
628 1037 717 1077 quod
745 1036 787 1067 ab
811 1035 1013 1073 Ecksteinio,
1041 1034 1113 1066 viro
1141 1035 1415 1075 prudentissimo,
1445 1036 1479 1067 in
1507 1035 1687 1067 verborum
1714 1034 1868 1066 ordinem
1895 1033 2066 1073 receptum

294 1100 368 1122 esse
391 1099 521 1121 mecum
544 1088 765 1126 mirabimini;
788 1097 818 1119 a.
837 1087 918 1118 1877
941 1087 981 1118 R.
1004 1086 1116 1127 Unger
1138 1096 1216 1118 ann.
1239 1087 1320 1127 phil.
1347 1087 1416 1126 115,
1439 1087 1502 1119 493
1527 1097 1599 1128 sqq.
1623 1086 1690 1128 (10)
1714 1085 1888 1118 follibus
1911 1085 2067 1125 aptum;

294 1141 492 1173 videbantur
515 1143 586 1172 tum
610 1140 644 1172 hi
668 1141 780 1171 aestus
805 1138 1021 1177 deferbuisse,
1046 1138 1106 1170 sed
1127 1140 1205 1179 post
1227 1138 1354 1179 aliquot
1377 1148 1486 1171 annos
1510 1139 1627 1171 iterum
1651 1138 1717 1170 duo
1740 1137 1896 1169 homines
1919 1133 2009 1168 docti
2030 1133 2066 1167 in

294 1193 436 1225 eundem
466 1193 561 1233 quasi
583 1191 746 1224 vorticem
769 1200 844 1223 sese
867 1190 1166 1230 ingurgitaverunt:
1190 1200 1331 1231 quorum
1354 1191 1439 1222 alter
1465 1190 1634 1222 Antonius
1662 1188 1830 1221 Lowir'iski
1859 1187 1900 1219 de
1925 1185 2066 1219 Horatio

292 1243 434 1286 συμπότῃ
477 1254 579 1284 agens
622 1253 651 1275 a.
691 1243 772 1274 1882
811 1242 927 1282 philol.
961 1242 1012 1279 41,
1050 1242 1110 1273 169
1144 1252 1216 1283 sqq.
1250 1242 1314 1273 hoc
1349 1252 1480 1283 quoque
1513 1242 1587 1274 loco
1621 1243 1756 1282 poetam
1789 1240 1855 1280 (11)
1884 1237 2066 1280 ‘potibus

291 1291 440 1336 aptum'
471 1305 507 1327 se
536 1295 646 1327 dicere
675 1294 832 1335 opinatus
862 1295 923 1331 est,
951 1303 1041 1325 anno
1070 1295 1148 1334 post
1176 1293 1260 1324 alter
1287 1293 1501 1325 Hermannus
1531 1293 1654 1326 Schutz
1688 1292 1739 1324 ed.
1769 1301 1849 1323 suae
1876 1290 1926 1322 ΠΙ.
1947 1300 1980 1332 p.
2003 1289 2063 1322 351

293 1347 374 1379 satis
405 1349 494 1379 recte
524 1346 676 1378 refutatis
703 1345 875 1377 nonnullis
904 1344 1047 1376 aliorum
1076 1345 1276 1377 coniecturis
1305 1345 1455 1377 omnium
1484 1345 1553 1377 fere
1587 1344 1816 1377 infelicissime
1846 1341 1912 1384 (12)
1946 1340 2066 1375 solli-

294 1399 478 1431 citatum:
508 1397 668 1436 ‘Gereizt,
703 1399 776 1438 sagt
809 1395 863 1435 er’,
898 1397 1021 1437 inquit,
1051 1394 1113 1428 ‘sei
1142 1406 1179 1428 er
1207 1397 1337 1428 schnell
1370 1397 1416 1428 im
1446 1397 1549 1435 Zorn,
1583 1397 1664 1428 aber
1698 1405 1734 1427 er
1761 1395 1851 1426 lasse
1880 1393 1954 1426 sich
1981 1392 2067 1425 auch

293 1450 396 1482 leicht
417 1447 629 1482 versohnen'.

446 1518 497 1550 En
531 1518 630 1558 igitur
664 1517 841 1549 duodecim
871 1516 1093 1555 coniecturae,
1128 1526 1212 1558 quae
1236 1526 1305 1548 non
1339 1517 1550 1549 satisfaciunt
1570 1515 1823 1548 Hermanniano
1847 1514 1896 1546 illi
1929 1511 2066 1550 cannah

295 1580 373 1602 nam
396 1580 438 1602 ne
460 1580 529 1602 una
552 1569 684 1610 quidem
707 1569 794 1600 inter
818 1578 876 1600 eos
899 1578 978 1600 vera
1001 1570 1053 1600 est
1075 1578 1137 1602 nec
1167 1568 1286 1600 saltem
1313 1569 1509 1609 probabilis,
1537 1578 1645 1609 neque
1672 1567 1769 1600 aliter
1796 1566 1867 1599 fieri
1894 1565 2006 1607 potuit
2030 1564 2067 1598 'm

295 1622 369 1653 loco
395 1621 576 1653 sanissimo
601 1621 692 1652 nulla
720 1619 905 1652 mutatione
935 1622 1065 1660 egente:
1101 1620 1191 1660 quod
1213 1620 1279 1652 iam
1313 1630 1354 1652 ex
1387 1621 1429 1652 iis
1464 1630 1548 1661 quae
1581 1619 1788 1661 praecedunt
1821 1618 1903 1650 satis
1936 1617 2067 1650 elucere

293 1674 448 1712 arbitror,
473 1673 542 1711 sed,
565 1675 601 1704 ut
624 1682 696 1704 rem
719 1672 902 1711 conficiam,
925 1672 1029 1703 vestri
1052 1672 1220 1704 commodi
1244 1681 1345 1704 causa
1367 1672 1489 1704 addam
1511 1682 1596 1713 quae
1630 1671 1714 1704 scite
1747 1673 1780 1703 et
1811 1669 1992 1711 prudenter
2025 1667 2067 1700 de

295 1725 360 1756 hoc
382 1725 457 1756 loco
481 1724 641 1756 disseruit
661 1724 700 1755 A.
717 1723 895 1764 Kiessling.
933 1722 995 1762 Qui
1021 1733 1095 1755 cum
1124 1723 1190 1755 iam
1214 1725 1303 1756 recte
1325 1724 1369 1755 ad
1391 1724 1411 1755 l.
1437 1733 1537 1764 supra
1558 1733 1590 1764 p.
1613 1724 1634 1755 9
1649 1722 1701 1764 n*)
1724 1722 1745 1754 1.
1770 1724 1831 1754 sat.
1853 1721 1876 1753 L
1896 1721 1929 1759 3,
1950 1720 1993 1752 29
2016 1729 2066 1760 sq.

289 1774 415 1808 ‘minus
444 1778 541 1817 aptus
565 1776 672 1808 acutis
695 1775 835 1808 Naribus
864 1776 984 1807 horum
1013 1774 1196 1807 hominum’
1226 1775 1424 1807 adnotasset
1447 1771 1595 1807 ‘minus
1623 1776 1758 1815 aptus,
1788 1773 1880 1805 denn
1906 1781 1970 1804 nur
1997 1780 2067 1804 wer

296 1828 368 1860 sich
402 1828 497 1860 keine
532 1828 651 1859 Blosse
685 1827 784 1867 giebt,
818 1827 862 1859 ist
896 1827 1058 1868 geeignet,
1093 1827 1146 1859 die
1177 1825 1303 1860 ‘feinen
1331 1825 1451 1859 Nasen'
1485 1827 1704 1859 auszuhalten
1737 1825 1807 1857 und
1839 1823 1982 1856 braucht
2013 1822 2068 1855 ihr

294 1881 545 1920 Herumspuren
579 1880 673 1911 nicht
706 1889 746 1911 zu
779 1879 931 1917 meiden3
966 1889 1004 1911 so
1039 1879 1083 1910 ist
1117 1878 1279 1911 solibus
1313 1881 1430 1919 aptus
1465 1879 1551 1919 (epp.
1580 1879 1602 1910 Ι.
1630 1879 1682 1917 20,
1711 1877 1780 1918 24),
1807 1886 1876 1909 wer
1904 1885 1943 1908 so
1971 1874 2068 1907 recht

296 1932 379 1964 dazu
406 1932 561 1972 gemacht
589 1931 643 1970 ist,
673 1931 726 1963 die
753 1931 865 1963 lieben
895 1931 1188 1963 Sonnenstrahlen
1215 1941 1255 1963 zu
1282 1928 1477 1971 vertragen’,
1506 1929 1697 1972 nuperrime
1725 1929 1769 1961 ad
1796 1930 1950 1960 nostrum
1979 1926 2012 1960 h.
2034 1925 2067 1965 l.‚

295 1984 415 2015 iterum
454 1983 704 2023 comparatione
743 1992 819 2014 cum
852 1992 952 2014 versu
985 1982 1164 2014 satirarum
1202 1982 1304 2014 modo
1343 1982 1444 2014 allato
1482 1982 1636 2014 instituta
1668 1980 1848 2022 adscripsit
1880 1979 1964 2011 haec
1991 1975 2066 2011 ‘wie

294 2035 427 2066 minus
457 2037 577 2075 aptus
606 2034 739 2066 acutis
769 2034 937 2066 naribus
967 2033 1042 2076 (sat.
1066 2034 1087 2066 Ι.
1112 2034 1142 2073 3,
1165 2033 1218 2074 29)
1249 2034 1417 2075 derjenige
1444 2033 1562 2072 heisst,
1591 2033 1650 2066 der
1677 2032 1810 2064 minder
1839 2031 1990 2072 geeignet
2011 2029 2066 2068 ist,

293 2088 392 2118 unter
415 2086 468 2118 die
491 2087 581 2126 Lupe
604 2095 805 2126 genommen
829 2095 868 2117 zu
890 2085 1036 2124 werden,
1065 2086 1140 2117 weil
1163 2095 1199 2117 er
1222 2085 1296 2117 sich
1318 2085 1462 2117 Blossen
1489 2085 1588 2126 gieht,
1618 2094 1656 2116 so
1686 2084 1730 2116 ist
1757 2083 1917 2116 solibus
1946 2082 2067 2122 aptus

295 2138 475 2179 derjenige,
510 2138 570 2169 der
603 2147 639 2169 es
673 2139 830 2178 vertragt,
863 2147 930 2169 von
963 2137 1030 2169 den
1063 2137 1357 2170 Sonnenstrahlen
1390 2137 1554 2178 getroffen
1587 2146 1627 2168 zu
1654 2136 1799 2174 werden,
1832 2134 1909 2167 weil
1938 2143 1974 2166 er
2001 2131 2067 2165 den
2091 2135 2094 2143 ¹

297 2199 443 2221 warmen
478 2189 739 2222 Sonnenschein
772 2189 822 2221 als
857 2189 908 2220 die
942 2190 1074 2229 grosste
1102 2189 1278 2221 Wohlthat
1312 2188 1502 2229 empfindet,
1536 2188 1590 2220 die
1623 2187 1694 2220 ihm
1727 2197 1767 2219 zu
1799 2185 1898 2219 Theil
1930 2183 2067 2218 werden

293 2241 416 2280 kenne,
450 2242 522 2274 also
549 2237 700 2282 ‘frostig',
723 2241 785 2273 wie
815 2250 851 2272 es
880 2241 946 2272 alte
974 2241 1076 2273 Leute
1106 2240 1192 2279 sind,
1227 2240 1280 2272 die
1310 2250 1431 2272 senes
1461 2239 1593 2281 aprici
1626 2239 1733 2281 (Pers.
1755 2239 1786 2271 5.
1811 2237 1896 2279 179),
1928 2235 1999 2269 und
2025 2235 2066 2268 H.

295 2416 389 2449 Pauly,
421 2415 548 2448 Beitrage
582 2423 629 2441 zur
660 2414 746 2440 Kritik
778 2414 827 2440 des
859 2414 1121 2440 Horazscholiasten
1153 2413 1306 2448 Porphyrio
1335 2413 1452 2447 (Pragae
1480 2413 1558 2446 1875)
1585 2421 1611 2446 p.
1633 2412 1676 2444 35,
1703 2411 1751 2446 qui
1777 2411 1819 2438 vir
1845 2413 1967 2438 ceterum
1992 2409 2068 2438 haud

295 2460 409 2486 inscitus
427 2459 588 2492 ingeniosae
607 2458 784 2492 explicationi
802 2458 1052 2492 palaeographicae
1071 2458 1106 2484 ab
1124 2458 1254 2484 Herbstio
1274 2458 1355 2483 datae
1375 2457 1492 2483 alteram
1509 2456 1650 2482 substituit
1667 2456 1755 2482 multo
1773 2455 1863 2482 minus
1886 2454 2067 2489 probabilem,

296 2504 330 2530 ad
345 2500 453 2529 ‘ustum'
474 2503 579 2529 scilicet
597 2502 761 2528 vocabulum
776 2499 894 2534 ’βαπτόν’
916 2502 1131 2536 suprascriptum
1155 2501 1241 2528 fuisse
1266 2503 1348 2535 atque
1372 2501 1400 2527 id
1425 2501 1525 2527 deinde
1539 2497 1671 2534 ‘baptum'
1692 2499 1831 2534 scriptum,
1854 2499 1909 2526 hoc
1927 2500 2021 2525 autem
2037 2498 2067 2525 in

290 2543 402 2581 ‘aptum’
426 2547 560 2572 mutatum
580 2553 650 2572 esse.
