<?xml version="1.0" encoding="UTF-8"?>
<!DOCTYPE html PUBLIC "-//W3C//DTD XHTML 1.0 Transitional//EN"
    "http://www.w3.org/TR/xhtml1/DTD/xhtml1-transitional.dtd">
<html xmlns="http://www.w3.org/1999/xhtml" xml:lang="en" lang="en">
 <head>
  <title>
</title>
<meta http-equiv="Content-Type" content="text/html;charset=utf-8" />
  <meta name='ocr-system' content='tesseract 3.04.00' />
  <meta name='ocr-capabilities' content='ocr_page ocr_carea ocr_par ocr_line ocrx_word'/>
</head>
<body>
  <div class='ocr_page' id='page_1' title='image "./ueberdieentstehu00benfuoft_0326.png"; bbox 0 0 2138 2748; ppageno 0'>
   <div class='ocr_carea' id='block_1_1' title="bbox 1146 264 1185 295">
    <p class='ocr_par' dir='ltr' id='par_1_1' title="bbox 1146 264 1185 295">
     <span class='ocr_line' id='line_1_1' title="bbox 1146 264 1185 295; baseline 0 0"><span class='ocrx_word' id='word_1_1' title='bbox 1146 264 1185 295; x_wconf 90' lang='grc'>16</span> 
     </span>
    </p>
   </div>
   <div class='ocr_carea' id='block_1_2' title="bbox 1062 309 1222 312">
    <p class='ocr_par' dir='ltr' id='par_1_2' title="bbox 1062 309 1222 312">
     <span class='ocr_line' id='line_1_2' title="bbox 1062 309 1222 312; baseline 0 0"><span class='ocrx_word' id='word_1_2' title='bbox 1062 309 1222 312; x_wconf 95' lang='lat' dir='ltr'> </span> 
     </span>
    </p>
   </div>
   <div class='ocr_carea' id='block_1_3' title="bbox 275 358 2048 1173">
    <p class='ocr_par' dir='ltr' id='par_1_3' title="bbox 430 358 1720 399">
     <span class='ocr_line' id='line_1_3' title="bbox 430 358 1720 399; baseline 0 -9"><span class='ocrx_word' id='word_1_3' title='bbox 430 360 555 391; x_wconf 85' lang='lat' dir='ltr'>Omnes</span> <span class='ocrx_word' id='word_1_4' title='bbox 578 369 695 391; x_wconf 90' lang='lat' dir='ltr'>versus</span> <span class='ocrx_word' id='word_1_5' title='bbox 719 359 911 398; x_wconf 86' lang='lat' dir='ltr'>inciduntur</span> <span class='ocrx_word' id='word_1_6' title='bbox 934 359 1172 399; x_wconf 86' lang='lat' dir='ltr'>semiquinaria</span> <span class='ocrx_word' id='word_1_7' title='bbox 1195 368 1334 390; x_wconf 88' lang='lat' dir='ltr'>caesura</span> <span class='ocrx_word' id='word_1_8' title='bbox 1355 360 1413 390; x_wconf 88' lang='lat' dir='ltr'>aut</span> <span class='ocrx_word' id='word_1_9' title='bbox 1436 358 1720 399; x_wconf 82' lang='lat' dir='ltr'>semiseptenaria.</span> 
     </span>
    </p>

    <p class='ocr_par' dir='ltr' id='par_1_4' title="bbox 277 407 2047 710">
     <span class='ocr_line' id='line_1_4' title="bbox 430 407 2044 451; baseline 0 -9"><span class='ocrx_word' id='word_1_10' title='bbox 430 411 538 449; x_wconf 86' lang='lat' dir='ltr'>Quam</span> <span class='ocrx_word' id='word_1_11' title='bbox 553 411 654 443; x_wconf 91' lang='lat' dir='ltr'>dubia</span> <span class='ocrx_word' id='word_1_12' title='bbox 676 411 760 442; x_wconf 88' lang='lat' dir='ltr'>haec</span> <span class='ocrx_word' id='word_1_13' title='bbox 776 411 889 443; x_wconf 87' lang='lat' dir='ltr'>omnia</span> <span class='ocrx_word' id='word_1_14' title='bbox 904 410 1054 443; x_wconf 88' lang='lat' dir='ltr'>nitantur</span> <span class='ocrx_word' id='word_1_15' title='bbox 1068 410 1142 449; x_wconf 86' lang='lat' dir='ltr'>fide,</span> <span class='ocrx_word' id='word_1_16' title='bbox 1165 412 1314 451; x_wconf 87' lang='lat' dir='ltr'>apparet.</span> <span class='ocrx_word' id='word_1_17' title='bbox 1356 410 1425 442; x_wconf 84' lang='lat' dir='ltr'>Nec</span> <span class='ocrx_word' id='word_1_18' title='bbox 1440 409 1568 442; x_wconf 88' lang='lat' dir='ltr'>maiore</span> <span class='ocrx_word' id='word_1_19' title='bbox 1582 410 1646 442; x_wconf 88' lang='lat' dir='ltr'>fide</span> <span class='ocrx_word' id='word_1_20' title='bbox 1662 409 1762 451; x_wconf 81' lang='lat' dir='ltr'>digna</span> <span class='ocrx_word' id='word_1_21' title='bbox 1785 412 1863 442; x_wconf 89' lang='lat' dir='ltr'>sunt</span> <span class='ocrx_word' id='word_1_22' title='bbox 1873 407 2044 443; x_wconf 80' lang='lat' dir='ltr'>‘Disticha&#39;</span> 
     </span>
     <span class='ocr_line' id='line_1_5' title="bbox 278 458 2044 494; baseline -0.001 0"><span class='ocrx_word' id='word_1_23' title='bbox 278 463 312 494; x_wconf 92' lang='lat' dir='ltr'>in</span> <span class='ocrx_word' id='word_1_24' title='bbox 336 463 576 494; x_wconf 84' lang='lat' dir='ltr'><strong>distribuendis</strong></span> <span class='ocrx_word' id='word_1_25' title='bbox 601 463 777 494; x_wconf 80' lang='lat' dir='ltr'>sententiis</span> <span class='ocrx_word' id='word_1_26' title='bbox 801 463 889 494; x_wconf 89' lang='lat' dir='ltr'>inter</span> <span class='ocrx_word' id='word_1_27' title='bbox 910 458 1151 494; x_wconf 84' lang='lat' dir='ltr'>‘Menandrum&#39;</span> <span class='ocrx_word' id='word_1_28' title='bbox 1176 464 1209 494; x_wconf 89' lang='lat' dir='ltr'>et</span> <span class='ocrx_word' id='word_1_29' title='bbox 1226 458 1494 494; x_wconf 53' lang='lat' dir='ltr'>‘Philistionem</span> <span class='ocrx_word' id='word_1_30' title='bbox 1539 461 1590 493; x_wconf 82' lang='lat' dir='ltr'>Ex</span> <span class='ocrx_word' id='word_1_31' title='bbox 1617 461 1667 493; x_wconf 89' lang='lat' dir='ltr'>eis</span> <span class='ocrx_word' id='word_1_32' title='bbox 1689 461 1779 494; x_wconf 88' lang='lat' dir='ltr'>enim</span> <span class='ocrx_word' id='word_1_33' title='bbox 1795 458 2044 494; x_wconf 82' lang='lat' dir='ltr'>‘Distichorum&#39;</span> 
     </span>
     <span class='ocr_line' id='line_1_6' title="bbox 277 510 2047 555; baseline 0 -9"><span class='ocrx_word' id='word_1_34' title='bbox 277 514 440 553; x_wconf 85' lang='lat' dir='ltr'>versibus,</span> <span class='ocrx_word' id='word_1_35' title='bbox 464 515 520 555; x_wconf 86' lang='lat' dir='ltr'>qui</span> <span class='ocrx_word' id='word_1_36' title='bbox 543 515 578 546; x_wconf 92' lang='lat' dir='ltr'>in</span> <span class='ocrx_word' id='word_1_37' title='bbox 596 510 878 555; x_wconf 82' lang='lat' dir='ltr'>‘Comparatione’</span> <span class='ocrx_word' id='word_1_38' title='bbox 903 515 1053 553; x_wconf 81' lang='lat' dir='ltr'>redeunt,</span> <span class='ocrx_word' id='word_1_39' title='bbox 1075 524 1192 546; x_wconf 89' lang='lat' dir='ltr'>versus</span> <span class='ocrx_word' id='word_1_40' title='bbox 1215 514 1266 546; x_wconf 86' lang='lat'>23.</span> <span class='ocrx_word' id='word_1_41' title='bbox 1290 514 1332 545; x_wconf 91' lang='lat'>24</span> <span class='ocrx_word' id='word_1_42' title='bbox 1354 513 1401 554; x_wconf 88' lang='lat' dir='ltr'>(et</span> <span class='ocrx_word' id='word_1_43' title='bbox 1422 524 1451 545; x_wconf 89' lang='lat' dir='ltr'>v.</span> <span class='ocrx_word' id='word_1_44' title='bbox 1474 514 1526 545; x_wconf 89' lang='lat'>59.</span> <span class='ocrx_word' id='word_1_45' title='bbox 1549 513 1603 554; x_wconf 80' lang='lat'>60)</span> <span class='ocrx_word' id='word_1_46' title='bbox 1627 513 1662 545; x_wconf 90' lang='lat' dir='ltr'>in</span> <span class='ocrx_word' id='word_1_47' title='bbox 1684 513 1750 545; x_wconf 91' lang='lat' dir='ltr'>illis</span> <span class='ocrx_word' id='word_1_48' title='bbox 1772 513 1965 546; x_wconf 85' lang='lat' dir='ltr'>Philistioni</span> <span class='ocrx_word' id='word_1_49' title='bbox 1986 514 2047 546; x_wconf 85' lang='lat' dir='ltr'>tri-</span> 
     </span>
     <span class='ocr_line' id='line_1_7' title="bbox 277 564 2047 604; baseline 0.001 -7"><span class='ocrx_word' id='word_1_50' title='bbox 277 567 433 604; x_wconf 75' lang='lat' dir='ltr'>buuntur,</span> <span class='ocrx_word' id='word_1_51' title='bbox 457 566 491 597; x_wconf 91' lang='lat' dir='ltr'>in</span> <span class='ocrx_word' id='word_1_52' title='bbox 514 566 577 598; x_wconf 89' lang='lat' dir='ltr'>hac</span> <span class='ocrx_word' id='word_1_53' title='bbox 599 566 800 604; x_wconf 85' lang='lat' dir='ltr'>Menandro;</span> <span class='ocrx_word' id='word_1_54' title='bbox 822 576 940 598; x_wconf 90' lang='lat' dir='ltr'>versus</span> <span class='ocrx_word' id='word_1_55' title='bbox 964 566 1014 598; x_wconf 86' lang='lat'>33.</span> <span class='ocrx_word' id='word_1_56' title='bbox 1038 566 1080 598; x_wconf 89' lang='lat'>34</span> <span class='ocrx_word' id='word_1_57' title='bbox 1102 566 1136 597; x_wconf 91' lang='lat' dir='ltr'>in</span> <span class='ocrx_word' id='word_1_58' title='bbox 1159 565 1225 597; x_wconf 90' lang='lat' dir='ltr'>illis</span> <span class='ocrx_word' id='word_1_59' title='bbox 1248 565 1444 603; x_wconf 83' lang='lat' dir='ltr'>Menandro,</span> <span class='ocrx_word' id='word_1_60' title='bbox 1467 564 1502 596; x_wconf 93' lang='lat' dir='ltr'>in</span> <span class='ocrx_word' id='word_1_61' title='bbox 1520 564 1584 596; x_wconf 88' lang='lat' dir='ltr'>hac</span> <span class='ocrx_word' id='word_1_62' title='bbox 1600 564 1804 597; x_wconf 86' lang='lat' dir='ltr'>Philistioni.</span> <span class='ocrx_word' id='word_1_63' title='bbox 1848 565 1971 598; x_wconf 84' lang='lat' dir='ltr'>Versus</span> <span class='ocrx_word' id='word_1_64' title='bbox 1994 566 2047 598; x_wconf 82' lang='lat'>31.</span> 
     </span>
     <span class='ocr_line' id='line_1_8' title="bbox 277 616 2047 658; baseline 0.001 -10"><span class='ocrx_word' id='word_1_65' title='bbox 277 618 317 649; x_wconf 88' lang='lat'><strong>32</strong></span> <span class='ocrx_word' id='word_1_66' title='bbox 345 619 378 649; x_wconf 89' lang='lat' dir='ltr'>et</span> <span class='ocrx_word' id='word_1_67' title='bbox 405 618 457 649; x_wconf 89' lang='lat'><strong>49.</strong></span> <span class='ocrx_word' id='word_1_68' title='bbox 487 618 603 649; x_wconf 82' lang='lat' dir='ltr'>·50.ex</span> <span class='ocrx_word' id='word_1_69' title='bbox 631 617 799 658; x_wconf 82' lang='lat' dir='ltr'>Euripidis</span> <span class='ocrx_word' id='word_1_70' title='bbox 826 618 996 650; x_wconf 90' lang='lat' dir='ltr'>Alcestide</span> <span class='ocrx_word' id='word_1_71' title='bbox 1026 617 1216 658; x_wconf 85' lang='lat' dir='ltr'>deprompti</span> <span class='ocrx_word' id='word_1_72' title='bbox 1253 618 1286 648; x_wconf 89' lang='lat' dir='ltr'>et</span> <span class='ocrx_word' id='word_1_73' title='bbox 1314 616 1392 648; x_wconf 90' lang='lat' dir='ltr'>huic</span> <span class='ocrx_word' id='word_1_74' title='bbox 1421 616 1553 648; x_wconf 82' lang='lat' dir='ltr'>fabulae</span> <span class='ocrx_word' id='word_1_75' title='bbox 1582 616 1671 656; x_wconf 88' lang='lat' dir='ltr'>apud</span> <span class='ocrx_word' id='word_1_76' title='bbox 1699 616 1882 648; x_wconf 89' lang='lat' dir='ltr'>Stohaeum</span> <span class='ocrx_word' id='word_1_77' title='bbox 1915 624 2047 658; x_wconf 81' lang='lat' dir='ltr'>quoque</span> 
     </span>
     <span class='ocr_line' id='line_1_9' title="bbox 277 663 1828 710; baseline -0.001 -10"><span class='ocrx_word' id='word_1_78' title='bbox 277 669 437 710; x_wconf 81' lang='lat' dir='ltr'>adscripti</span> <span class='ocrx_word' id='word_1_79' title='bbox 461 668 583 701; x_wconf 85' lang='lat' dir='ltr'>dantur</span> <span class='ocrx_word' id='word_1_80' title='bbox 604 669 797 701; x_wconf 90' lang='lat' dir='ltr'>Philistioni</span> <span class='ocrx_word' id='word_1_81' title='bbox 821 669 862 710; x_wconf 88' lang='lat' dir='ltr'>(v.</span> <span class='ocrx_word' id='word_1_82' title='bbox 886 669 936 701; x_wconf 87' lang='lat'>31.</span> <span class='ocrx_word' id='word_1_83' title='bbox 960 668 1013 710; x_wconf 84' lang='lat'><strong>32)</strong></span> <span class='ocrx_word' id='word_1_84' title='bbox 1037 670 1071 700; x_wconf 92' lang='lat' dir='ltr'>et</span> <span class='ocrx_word' id='word_1_85' title='bbox 1093 668 1276 700; x_wconf 83' lang='lat' dir='ltr'>Menandro</span> <span class='ocrx_word' id='word_1_86' title='bbox 1300 667 1342 709; x_wconf 88' lang='lat' dir='ltr'>(v.</span> <span class='ocrx_word' id='word_1_87' title='bbox 1363 668 1416 699; x_wconf 88' lang='lat'><strong>49.</strong></span> <span class='ocrx_word' id='word_1_88' title='bbox 1439 667 1493 708; x_wconf 88' lang='grc'>50)</span> <span class='ocrx_word' id='word_1_89' title='bbox 1517 667 1552 699; x_wconf 91' lang='lat' dir='ltr'>in</span> <span class='ocrx_word' id='word_1_90' title='bbox 1570 663 1764 699; x_wconf 81' lang='lat' dir='ltr'>‘Distichis’.</span> <span class='ocrx_word' id='word_1_91' title='bbox 1787 685 1828 690; x_wconf 97' lang='lat'>—</span> 
     </span>
    </p>

    <p class='ocr_par' dir='ltr' id='par_1_5' title="bbox 275 715 2048 967">
     <span class='ocr_line' id='line_1_10' title="bbox 427 715 2048 761; baseline 0 -9"><span class='ocrx_word' id='word_1_92' title='bbox 427 721 583 761; x_wconf 85' lang='lat' dir='ltr'>Longius,</span> <span class='ocrx_word' id='word_1_93' title='bbox 607 730 707 761; x_wconf 88' lang='lat' dir='ltr'>quam</span> <span class='ocrx_word' id='word_1_94' title='bbox 722 716 959 761; x_wconf 84' lang='lat' dir='ltr'>‘Comparatio’</span> <span class='ocrx_word' id='word_1_95' title='bbox 983 716 1187 752; x_wconf 88' lang='lat' dir='ltr'>a‘Distichis</span> <span class='ocrx_word' id='word_1_96' title='bbox 1203 715 1386 758; x_wconf 86' lang='lat' dir='ltr'>Parisinis’‚</span> <span class='ocrx_word' id='word_1_97' title='bbox 1411 718 1513 750; x_wconf 87' lang='lat' dir='ltr'>distat</span> <span class='ocrx_word' id='word_1_98' title='bbox 1537 720 1569 750; x_wconf 87' lang='lat' dir='ltr'>et</span> <span class='ocrx_word' id='word_1_99' title='bbox 1591 719 1634 750; x_wconf 87' lang='lat' dir='ltr'>ab</span> <span class='ocrx_word' id='word_1_100' title='bbox 1657 718 1710 750; x_wconf 91' lang='lat' dir='ltr'>his</span> <span class='ocrx_word' id='word_1_101' title='bbox 1733 720 1766 750; x_wconf 91' lang='lat' dir='ltr'>et</span> <span class='ocrx_word' id='word_1_102' title='bbox 1789 719 1830 751; x_wconf 87' lang='lat' dir='ltr'>ab</span> <span class='ocrx_word' id='word_1_103' title='bbox 1853 718 1911 751; x_wconf 85' lang='lat' dir='ltr'>illa</span> <span class='ocrx_word' id='word_1_104' title='bbox 1931 728 2048 752; x_wconf 87' lang='lat' dir='ltr'>eorum</span> 
     </span>
     <span class='ocr_line' id='line_1_11' title="bbox 278 766 2048 812; baseline 0 -9"><span class='ocrx_word' id='word_1_105' title='bbox 278 772 509 804; x_wconf 90' lang='lat' dir='ltr'>trimetrorum</span> <span class='ocrx_word' id='word_1_106' title='bbox 538 772 661 810; x_wconf 80' lang='lat' dir='ltr'>forma,</span> <span class='ocrx_word' id='word_1_107' title='bbox 693 772 748 812; x_wconf 89' lang='lat' dir='ltr'>qui</span> <span class='ocrx_word' id='word_1_108' title='bbox 778 772 932 812; x_wconf 86' lang='lat' dir='ltr'>leguntur</span> <span class='ocrx_word' id='word_1_109' title='bbox 960 771 996 803; x_wconf 92' lang='lat' dir='ltr'>in</span> <span class='ocrx_word' id='word_1_110' title='bbox 1023 767 1277 812; x_wconf 79' lang='lat' dir='ltr'>‘Appendice</span> <span class='ocrx_word' id='word_1_111' title='bbox 1305 766 1329 802; x_wconf 94' lang='lat' dir='ltr'>I&#39;</span> <span class='ocrx_word' id='word_1_112' title='bbox 1355 772 1482 809; x_wconf 71' lang='lat' dir='ltr'>nostra,</span> <span class='ocrx_word' id='word_1_113' title='bbox 1510 779 1634 811; x_wconf 88' lang='lat' dir='ltr'>eosque</span> <span class='ocrx_word' id='word_1_114' title='bbox 1661 770 1833 811; x_wconf 86' lang='lat' dir='ltr'>aliquanto</span> <span class='ocrx_word' id='word_1_115' title='bbox 1862 770 2048 806; x_wconf 75' lang='lat' dir='ltr'>recentiore</span> 
     </span>
     <span class='ocr_line' id='line_1_12' title="bbox 276 821 2047 864; baseline 0 -9"><span class='ocrx_word' id='word_1_116' title='bbox 276 826 426 864; x_wconf 87' lang='lat' dir='ltr'>tempore</span> <span class='ocrx_word' id='word_1_117' title='bbox 439 826 472 855; x_wconf 89' lang='lat' dir='ltr'>et</span> <span class='ocrx_word' id='word_1_118' title='bbox 483 833 503 855; x_wconf 87' lang='lat' dir='ltr'>a</span> <span class='ocrx_word' id='word_1_119' title='bbox 515 823 676 856; x_wconf 89' lang='lat' dir='ltr'>Graeculo</span> <span class='ocrx_word' id='word_1_120' title='bbox 693 823 904 863; x_wconf 89' lang='lat' dir='ltr'>ineptissimo</span> <span class='ocrx_word' id='word_1_121' title='bbox 918 822 1123 863; x_wconf 87' lang='lat' dir='ltr'>compositos</span> <span class='ocrx_word' id='word_1_122' title='bbox 1140 832 1216 854; x_wconf 90' lang='lat' dir='ltr'>esse</span> <span class='ocrx_word' id='word_1_123' title='bbox 1231 822 1329 854; x_wconf 87' lang='lat' dir='ltr'>docet</span> <span class='ocrx_word' id='word_1_124' title='bbox 1341 822 1442 854; x_wconf 87' lang='lat' dir='ltr'>etiam</span> <span class='ocrx_word' id='word_1_125' title='bbox 1459 821 1701 854; x_wconf 87' lang='lat' dir='ltr'>sententiarum</span> <span class='ocrx_word' id='word_1_126' title='bbox 1717 821 1938 862; x_wconf 78' lang='lat' dir='ltr'>insipidamm</span> <span class='ocrx_word' id='word_1_127' title='bbox 1949 831 2047 863; x_wconf 79' lang='lat' dir='ltr'>argu-</span> 
     </span>
     <span class='ocr_line' id='line_1_13' title="bbox 276 869 2045 915; baseline 0.001 -9"><span class='ocrx_word' id='word_1_128' title='bbox 276 877 435 907; x_wconf 85' lang='lat' dir='ltr'>mentum.</span> <span class='ocrx_word' id='word_1_129' title='bbox 479 875 516 906; x_wconf 91' lang='lat' dir='ltr'>In</span> <span class='ocrx_word' id='word_1_130' title='bbox 539 872 819 915; x_wconf 81' lang='lat' dir='ltr'>hac‘Appendice</span> <span class='ocrx_word' id='word_1_131' title='bbox 842 870 867 906; x_wconf 78' lang='lat'>1²</span> <span class='ocrx_word' id='word_1_132' title='bbox 891 885 1008 906; x_wconf 88' lang='lat' dir='ltr'>versus</span> <span class='ocrx_word' id='word_1_133' title='bbox 1032 875 1083 906; x_wconf 89' lang='lat'>33.</span> <span class='ocrx_word' id='word_1_134' title='bbox 1107 874 1149 906; x_wconf 86' lang='lat'>34</span> <span class='ocrx_word' id='word_1_135' title='bbox 1171 875 1204 906; x_wconf 90' lang='lat' dir='ltr'>et</span> <span class='ocrx_word' id='word_1_136' title='bbox 1225 873 1278 905; x_wconf 87' lang='lat'><strong>45.</strong></span> <span class='ocrx_word' id='word_1_137' title='bbox 1299 873 1342 905; x_wconf 80' lang='lat'>46</span> <span class='ocrx_word' id='word_1_138' title='bbox 1363 872 1565 911; x_wconf 83' lang='lat' dir='ltr'>Philistioni,</span> <span class='ocrx_word' id='word_1_139' title='bbox 1588 873 1690 905; x_wconf 90' lang='lat' dir='ltr'>iidem</span> <span class='ocrx_word' id='word_1_140' title='bbox 1713 869 2045 914; x_wconf 74' lang='lat' dir='ltr'>in‘Comparatione&#39;</span> 
     </span>
     <span class='ocr_line' id='line_1_14' title="bbox 275 921 2047 967; baseline -0.001 -9"><span class='ocrx_word' id='word_1_141' title='bbox 275 927 457 959; x_wconf 83' lang='lat' dir='ltr'>Menandro</span> <span class='ocrx_word' id='word_1_142' title='bbox 481 926 612 958; x_wconf 87' lang='lat' dir='ltr'>dantur.</span> <span class='ocrx_word' id='word_1_143' title='bbox 656 926 854 958; x_wconf 85' lang='lat' dir='ltr'>Praevalent</span> <span class='ocrx_word' id='word_1_144' title='bbox 877 926 911 958; x_wconf 93' lang='lat' dir='ltr'>in</span> <span class='ocrx_word' id='word_1_145' title='bbox 922 924 1129 967; x_wconf 87' lang='lat' dir='ltr'>‘Appendice</span> <span class='ocrx_word' id='word_1_146' title='bbox 1151 921 1176 957; x_wconf 89' lang='lat'>1’</span> <span class='ocrx_word' id='word_1_147' title='bbox 1200 934 1316 956; x_wconf 88' lang='lat' dir='ltr'>versus</span> <span class='ocrx_word' id='word_1_148' title='bbox 1340 924 1597 965; x_wconf 84' lang='lat' dir='ltr'>dodecasyllabi.</span> <span class='ocrx_word' id='word_1_149' title='bbox 1639 924 1749 965; x_wconf 89' lang='lat' dir='ltr'>Atque</span> <span class='ocrx_word' id='word_1_150' title='bbox 1772 934 1813 957; x_wconf 89' lang='lat' dir='ltr'>ex</span> <span class='ocrx_word' id='word_1_151' title='bbox 1835 924 1889 957; x_wconf 88' lang='lat' dir='ltr'>his</span> <span class='ocrx_word' id='word_1_152' title='bbox 1911 924 2047 966; x_wconf 81' lang='lat' dir='ltr'>quidem</span> 
     </span>
    </p>

    <p class='ocr_par' dir='ltr' id='par_1_6' title="bbox 276 974 2048 1121">
     <span class='ocr_line' id='line_1_15' title="bbox 428 974 2048 1019; baseline 0 -10"><span class='ocrx_word' id='word_1_153' title='bbox 428 978 468 1009; x_wconf 65' lang='lat'><strong>1³.</strong></span> <span class='ocrx_word' id='word_1_154' title='bbox 493 978 527 1009; x_wconf 92' lang='lat' dir='ltr'>in</span> <span class='ocrx_word' id='word_1_155' title='bbox 549 979 783 1019; x_wconf 83' lang='lat' dir='ltr'>paroxytonon</span> <span class='ocrx_word' id='word_1_156' title='bbox 813 980 936 1010; x_wconf 88' lang='lat' dir='ltr'>exeunt</span> <span class='ocrx_word' id='word_1_157' title='bbox 964 978 1013 1010; x_wconf 90' lang='lat' dir='ltr'>hi:</span> <span class='ocrx_word' id='word_1_158' title='bbox 1051 978 1080 1009; x_wconf 91' lang='lat'>2.</span> <span class='ocrx_word' id='word_1_159' title='bbox 1103 978 1123 1009; x_wconf 87' lang='lat'><strong>9</strong></span> <span class='ocrx_word' id='word_1_160' title='bbox 1147 976 1216 1018; x_wconf 89' lang='lat' dir='ltr'>(ubi</span> <span class='ocrx_word' id='word_1_161' title='bbox 1238 976 1349 1009; x_wconf 81' lang='lat' dir='ltr'>hiatus</span> <span class='ocrx_word' id='word_1_162' title='bbox 1373 976 1407 1008; x_wconf 84' lang='lat' dir='ltr'>fit</span> <span class='ocrx_word' id='word_1_163' title='bbox 1431 978 1463 1008; x_wconf 90' lang='lat' dir='ltr'>et</span> <span class='ocrx_word' id='word_1_164' title='bbox 1486 975 1521 1007; x_wconf 91' lang='lat' dir='ltr'>in</span> <span class='ocrx_word' id='word_1_165' title='bbox 1542 976 1628 1019; x_wconf 89' lang='lat' dir='ltr'>pede</span> <span class='ocrx_word' id='word_1_166' title='bbox 1654 976 1667 1007; x_wconf 89' lang='lat'><strong>1</strong></span> <span class='ocrx_word' id='word_1_167' title='bbox 1689 974 1934 1019; x_wconf 73' lang='grc' dir='ltr'>μή-ἐκκακήσῃς</span> <span class='ocrx_word' id='word_1_168' title='bbox 1956 978 1991 1009; x_wconf 78' lang='lat' dir='ltr'>et</span> <span class='ocrx_word' id='word_1_169' title='bbox 2011 976 2048 1014; x_wconf 71' lang='lat' dir='ltr'>in</span> 
     </span>
     <span class='ocr_line' id='line_1_16' title="bbox 276 1021 2048 1071; baseline 0 -10"><span class='ocrx_word' id='word_1_170' title='bbox 276 1030 316 1061; x_wconf 94' lang='lat' dir='ltr'>IV</span> <span class='ocrx_word' id='word_1_171' title='bbox 338 1028 620 1071; x_wconf 67' lang='grc' dir='ltr'><strong>πάντα-εὐθύμως).</strong></span> <span class='ocrx_word' id='word_1_172' title='bbox 660 1030 709 1062; x_wconf 88' lang='grc'>13.</span> <span class='ocrx_word' id='word_1_173' title='bbox 740 1030 789 1061; x_wconf 87' lang='lat'>15.</span> <span class='ocrx_word' id='word_1_174' title='bbox 820 1030 868 1062; x_wconf 90' lang='grc'>16.</span> <span class='ocrx_word' id='word_1_175' title='bbox 900 1030 949 1062; x_wconf 91' lang='grc'>17.</span> <span class='ocrx_word' id='word_1_176' title='bbox 979 1029 1028 1061; x_wconf 90' lang='grc'>18.</span> <span class='ocrx_word' id='word_1_177' title='bbox 1060 1029 1098 1060; x_wconf 90' lang='grc'>19</span> <span class='ocrx_word' id='word_1_178' title='bbox 1132 1028 1221 1070; x_wconf 88' lang='lat' dir='ltr'>(cum</span> <span class='ocrx_word' id='word_1_179' title='bbox 1243 1028 1336 1060; x_wconf 89' lang='lat' dir='ltr'>hiatu</span> <span class='ocrx_word' id='word_1_180' title='bbox 1365 1030 1444 1068; x_wconf 86' lang='lat' dir='ltr'>post</span> <span class='ocrx_word' id='word_1_181' title='bbox 1466 1027 1586 1068; x_wconf 86' lang='lat' dir='ltr'>pedem</span> <span class='ocrx_word' id='word_1_182' title='bbox 1607 1027 1621 1059; x_wconf 96' lang='lat' dir='ltr'>I</span> <span class='ocrx_word' id='word_1_183' title='bbox 1643 1027 1858 1069; x_wconf 87' lang='lat' dir='ltr'>absolutum).</span> <span class='ocrx_word' id='word_1_184' title='bbox 1893 1021 1936 1060; x_wconf 84' lang='lat'>22</span> <span class='ocrx_word' id='word_1_185' title='bbox 1957 1028 2048 1068; x_wconf 80' lang='lat' dir='ltr'>(cum</span> 
     </span>
     <span class='ocr_line' id='line_1_17' title="bbox 277 1079 1605 1121; baseline -0.002 -8"><span class='ocrx_word' id='word_1_186' title='bbox 277 1081 369 1113; x_wconf 89' lang='lat' dir='ltr'>hiatu</span> <span class='ocrx_word' id='word_1_187' title='bbox 391 1081 426 1112; x_wconf 91' lang='lat' dir='ltr'>in</span> <span class='ocrx_word' id='word_1_188' title='bbox 448 1081 533 1121; x_wconf 91' lang='lat' dir='ltr'>pede</span> <span class='ocrx_word' id='word_1_189' title='bbox 556 1081 582 1112; x_wconf 96' lang='lat' dir='ltr'>II</span> <span class='ocrx_word' id='word_1_190' title='bbox 605 1079 746 1119; x_wconf 78' lang='grc' dir='ltr'>δὲ-αὗθις</span> <span class='ocrx_word' id='word_1_191' title='bbox 768 1083 801 1113; x_wconf 91' lang='lat' dir='ltr'>et</span> <span class='ocrx_word' id='word_1_192' title='bbox 823 1081 975 1121; x_wconf 82' lang='lat' dir='ltr'>spondeo</span> <span class='ocrx_word' id='word_1_193' title='bbox 999 1080 1034 1112; x_wconf 90' lang='lat' dir='ltr'>in</span> <span class='ocrx_word' id='word_1_194' title='bbox 1058 1080 1137 1112; x_wconf 90' lang='lat' dir='ltr'>sede</span> <span class='ocrx_word' id='word_1_195' title='bbox 1161 1079 1301 1121; x_wconf 88' lang='lat' dir='ltr'>quarta).</span> <span class='ocrx_word' id='word_1_196' title='bbox 1324 1080 1375 1112; x_wconf 87' lang='lat'>32.</span> <span class='ocrx_word' id='word_1_197' title='bbox 1399 1079 1450 1111; x_wconf 88' lang='lat'>33.</span> <span class='ocrx_word' id='word_1_198' title='bbox 1473 1080 1525 1111; x_wconf 86' lang='lat'><strong>43.</strong></span> <span class='ocrx_word' id='word_1_199' title='bbox 1547 1079 1605 1116; x_wconf 84' lang='lat'><strong>52;</strong></span> 
     </span>
    </p>

    <p class='ocr_par' dir='ltr' id='par_1_7' title="bbox 427 1130 2045 1173">
     <span class='ocr_line' id='line_1_18' title="bbox 427 1130 2045 1173; baseline -0.001 -9"><span class='ocrx_word' id='word_1_200' title='bbox 427 1132 466 1164; x_wconf 76' lang='lat'><strong>1¹¹.</strong></span> <span class='ocrx_word' id='word_1_201' title='bbox 489 1134 629 1164; x_wconf 89' lang='lat' dir='ltr'>accentu</span> <span class='ocrx_word' id='word_1_202' title='bbox 651 1132 868 1173; x_wconf 83' lang='lat' dir='ltr'>grammatico</span> <span class='ocrx_word' id='word_1_203' title='bbox 893 1132 927 1164; x_wconf 89' lang='lat' dir='ltr'>in</span> <span class='ocrx_word' id='word_1_204' title='bbox 951 1132 1077 1173; x_wconf 82' lang='lat' dir='ltr'>syllaba</span> <span class='ocrx_word' id='word_1_205' title='bbox 1098 1131 1304 1173; x_wconf 82' lang='lat' dir='ltr'>paenultima</span> <span class='ocrx_word' id='word_1_206' title='bbox 1327 1132 1443 1163; x_wconf 85' lang='lat' dir='ltr'>carent</span> <span class='ocrx_word' id='word_1_207' title='bbox 1464 1131 1513 1162; x_wconf 84' lang='lat' dir='ltr'>hi:</span> <span class='ocrx_word' id='word_1_208' title='bbox 1540 1131 1567 1162; x_wconf 95' lang='lat'>1.</span> <span class='ocrx_word' id='word_1_209' title='bbox 1589 1131 1620 1162; x_wconf 88' lang='lat'>4.</span> <span class='ocrx_word' id='word_1_210' title='bbox 1643 1131 1673 1162; x_wconf 88' lang='lat'>5.</span> <span class='ocrx_word' id='word_1_211' title='bbox 1697 1131 1726 1162; x_wconf 83' lang='lat'>6.</span> <span class='ocrx_word' id='word_1_212' title='bbox 1750 1131 1780 1163; x_wconf 93' lang='grc'>7.</span> <span class='ocrx_word' id='word_1_213' title='bbox 1803 1131 1833 1162; x_wconf 89' lang='grc'><strong>8.</strong></span> <span class='ocrx_word' id='word_1_214' title='bbox 1854 1130 1903 1163; x_wconf 90' lang='grc'>10.</span> <span class='ocrx_word' id='word_1_215' title='bbox 1929 1130 2045 1163; x_wconf 75' lang='grc'><strong>14.-20.</strong></span> 
     </span>
    </p>
   </div>
   <div class='ocr_carea' id='block_1_4' title="bbox 275 1184 2046 1235">
    <p class='ocr_par' dir='ltr' id='par_1_8' title="bbox 275 1184 2046 1235">
     <span class='ocr_line' id='line_1_19' title="bbox 275 1184 2046 1235; baseline -0.001 -11"><span class='ocrx_word' id='word_1_216' title='bbox 275 1194 313 1224; x_wconf 91' lang='grc'><strong>21</strong></span> <span class='ocrx_word' id='word_1_217' title='bbox 340 1193 409 1234; x_wconf 87' lang='lat' dir='ltr'>(ubi</span> <span class='ocrx_word' id='word_1_218' title='bbox 431 1189 562 1235; x_wconf 80' lang='grc' dir='ltr'>κατᾶγει</span> <span class='ocrx_word' id='word_1_219' title='bbox 577 1193 865 1233; x_wconf 88' lang='lat' dir='ltr'>pronuntiandum</span> <span class='ocrx_word' id='word_1_220' title='bbox 884 1192 958 1234; x_wconf 87' lang='lat' dir='ltr'>est).</span> <span class='ocrx_word' id='word_1_221' title='bbox 977 1193 1028 1224; x_wconf 88' lang='lat'>25.</span> <span class='ocrx_word' id='word_1_222' title='bbox 1044 1192 1096 1224; x_wconf 92' lang='lat'>27.</span> <span class='ocrx_word' id='word_1_223' title='bbox 1112 1192 1163 1223; x_wconf 90' lang='lat'>29.</span> <span class='ocrx_word' id='word_1_224' title='bbox 1180 1192 1230 1223; x_wconf 89' lang='lat'>30.</span> <span class='ocrx_word' id='word_1_225' title='bbox 1254 1191 1305 1223; x_wconf 87' lang='lat'>31.</span> <span class='ocrx_word' id='word_1_226' title='bbox 1322 1191 1372 1223; x_wconf 87' lang='lat'>34.</span> <span class='ocrx_word' id='word_1_227' title='bbox 1396 1192 1447 1223; x_wconf 87' lang='grc'><strong>35.</strong></span> <span class='ocrx_word' id='word_1_228' title='bbox 1470 1192 1522 1223; x_wconf 89' lang='grc'><strong>40.</strong></span> <span class='ocrx_word' id='word_1_229' title='bbox 1543 1191 1595 1223; x_wconf 77' lang='lat'>44.</span> <span class='ocrx_word' id='word_1_230' title='bbox 1618 1191 1661 1222; x_wconf 84' lang='grc'>46</span> <span class='ocrx_word' id='word_1_231' title='bbox 1683 1190 1752 1232; x_wconf 88' lang='lat' dir='ltr'>(ubi</span> <span class='ocrx_word' id='word_1_232' title='bbox 1775 1184 1900 1233; x_wconf 74' lang='grc' dir='ltr'>ἄγαθὸν</span> <span class='ocrx_word' id='word_1_233' title='bbox 1926 1189 2046 1231; x_wconf 71' lang='lat' dir='ltr'>legitur</span> 
     </span>
    </p>
   </div>
   <div class='ocr_carea' id='block_1_5' title="bbox 275 1239 2046 1336">
    <p class='ocr_par' dir='ltr' id='par_1_9' title="bbox 275 1239 2046 1336">
     <span class='ocr_line' id='line_1_20' title="bbox 275 1239 1605 1285; baseline -0.002 -9"><span class='ocrx_word' id='word_1_234' title='bbox 275 1246 308 1276; x_wconf 90' lang='lat' dir='ltr'>et</span> <span class='ocrx_word' id='word_1_235' title='bbox 330 1245 441 1276; x_wconf 86' lang='lat' dir='ltr'>hiatus</span> <span class='ocrx_word' id='word_1_236' title='bbox 463 1245 499 1276; x_wconf 86' lang='lat' dir='ltr'>fit</span> <span class='ocrx_word' id='word_1_237' title='bbox 521 1244 556 1276; x_wconf 93' lang='lat' dir='ltr'>in</span> <span class='ocrx_word' id='word_1_238' title='bbox 579 1254 718 1276; x_wconf 85' lang='lat' dir='ltr'>caesura</span> <span class='ocrx_word' id='word_1_239' title='bbox 741 1243 977 1285; x_wconf 83' lang='lat' dir='ltr'>semiquinaria</span> <span class='ocrx_word' id='word_1_240' title='bbox 998 1239 1381 1284; x_wconf 76' lang='grc' dir='ltr'><strong>προσδιδάσκει-ἀγαθὸν).</strong></span> <span class='ocrx_word' id='word_1_241' title='bbox 1403 1243 1455 1274; x_wconf 88' lang='grc'>48.</span> <span class='ocrx_word' id='word_1_242' title='bbox 1478 1242 1530 1274; x_wconf 88' lang='lat'>49.</span> <span class='ocrx_word' id='word_1_243' title='bbox 1553 1242 1605 1273; x_wconf 87' lang='lat'>51.</span> 
     </span>
     <span class='ocr_line' id='line_1_21' title="bbox 425 1293 2046 1336; baseline -0.001 -8"><span class='ocrx_word' id='word_1_244' title='bbox 425 1296 462 1327; x_wconf 94' lang='lat' dir='ltr'>II.</span> <span class='ocrx_word' id='word_1_245' title='bbox 485 1296 642 1336; x_wconf 86' lang='lat' dir='ltr'>Singulos</span> <span class='ocrx_word' id='word_1_246' title='bbox 665 1296 854 1328; x_wconf 86' lang='lat' dir='ltr'>tribrachos</span> <span class='ocrx_word' id='word_1_247' title='bbox 878 1295 1053 1327; x_wconf 88' lang='lat' dir='ltr'>continent</span> <span class='ocrx_word' id='word_1_248' title='bbox 1076 1294 1110 1326; x_wconf 92' lang='lat' dir='ltr'>in</span> <span class='ocrx_word' id='word_1_249' title='bbox 1134 1294 1214 1326; x_wconf 89' lang='lat' dir='ltr'>sede</span> <span class='ocrx_word' id='word_1_250' title='bbox 1235 1295 1277 1326; x_wconf 85' lang='lat'>11:</span> <span class='ocrx_word' id='word_1_251' title='bbox 1302 1295 1338 1326; x_wconf 91' lang='lat'>11</span> <span class='ocrx_word' id='word_1_252' title='bbox 1364 1293 1433 1335; x_wconf 89' lang='lat' dir='ltr'>(ubi</span> <span class='ocrx_word' id='word_1_253' title='bbox 1455 1295 1594 1335; x_wconf 88' lang='lat' dir='ltr'>propter</span> <span class='ocrx_word' id='word_1_254' title='bbox 1616 1303 1789 1326; x_wconf 88' lang='lat' dir='ltr'>caesuram</span> <span class='ocrx_word' id='word_1_255' title='bbox 1811 1293 1915 1326; x_wconf 80' lang='lat' dir='ltr'>verba</span> <span class='ocrx_word' id='word_1_256' title='bbox 1935 1294 2046 1326; x_wconf 81' lang='lat' dir='ltr'>trans-</span> 
     </span>
    </p>
   </div>
   <div class='ocr_carea' id='block_1_6' title="bbox 274 1349 2047 1398">
    <p class='ocr_par' dir='ltr' id='par_1_10' title="bbox 274 1349 2047 1398">
     <span class='ocr_line' id='line_1_22' title="bbox 274 1349 2047 1398; baseline -0.002 -10"><span class='ocrx_word' id='word_1_257' title='bbox 274 1356 433 1397; x_wconf 85' lang='lat' dir='ltr'>ponenda</span> <span class='ocrx_word' id='word_1_258' title='bbox 460 1355 682 1398; x_wconf 83' lang='lat' dir='ltr'>videbantur).</span> <span class='ocrx_word' id='word_1_259' title='bbox 719 1356 757 1387; x_wconf 93' lang='lat'><strong>12</strong></span> <span class='ocrx_word' id='word_1_260' title='bbox 792 1355 834 1397; x_wconf 73' lang='lat'>(22,</span> <span class='ocrx_word' id='word_1_261' title='bbox 862 1355 919 1387; x_wconf 92' lang='lat' dir='ltr'>ubi</span> <span class='ocrx_word' id='word_1_262' title='bbox 948 1365 1141 1387; x_wconf 89' lang='lat' dir='ltr'>mensuram</span> <span class='ocrx_word' id='word_1_263' title='bbox 1170 1349 1277 1396; x_wconf 70' lang='grc' dir='ltr'>καιρὸς</span> <span class='ocrx_word' id='word_1_264' title='bbox 1300 1352 1317 1385; x_wconf 83' lang='grc' dir='ltr'><em>ὃ</em></span> <span class='ocrx_word' id='word_1_265' title='bbox 1338 1353 1440 1396; x_wconf 82' lang='grc' dir='ltr'>τῦχών</span> <span class='ocrx_word' id='word_1_266' title='bbox 1463 1354 1498 1385; x_wconf 90' lang='lat' dir='ltr'>in</span> <span class='ocrx_word' id='word_1_267' title='bbox 1527 1353 1642 1386; x_wconf 88' lang='lat' dir='ltr'>codice</span> <span class='ocrx_word' id='word_1_268' title='bbox 1664 1351 1698 1384; x_wconf 88' lang='lat' dir='ltr'><em>R</em></span> <span class='ocrx_word' id='word_1_269' title='bbox 1724 1353 1884 1385; x_wconf 79' lang='lat' dir='ltr'>traditam</span> <span class='ocrx_word' id='word_1_270' title='bbox 1912 1361 2047 1385; x_wconf 73' lang='lat' dir='ltr'>servare</span> 
     </span>
    </p>
   </div>
   <div class='ocr_carea' id='block_1_7' title="bbox 274 1408 2046 1509">
    <p class='ocr_par' dir='ltr' id='par_1_11' title="bbox 274 1408 2046 1509">
     <span class='ocr_line' id='line_1_23' title="bbox 275 1408 2046 1457; baseline -0.002 -9"><span class='ocrx_word' id='word_1_271' title='bbox 275 1416 390 1457; x_wconf 87' lang='lat' dir='ltr'>nolui).</span> <span class='ocrx_word' id='word_1_272' title='bbox 414 1417 464 1448; x_wconf 89' lang='lat'><strong>38.</strong></span> <span class='ocrx_word' id='word_1_273' title='bbox 488 1416 539 1455; x_wconf 78' lang='lat'>45,</span> <span class='ocrx_word' id='word_1_274' title='bbox 563 1416 597 1447; x_wconf 93' lang='lat' dir='ltr'>in</span> <span class='ocrx_word' id='word_1_275' title='bbox 620 1416 676 1448; x_wconf 84' lang='lat' dir='ltr'>III:</span> <span class='ocrx_word' id='word_1_276' title='bbox 699 1416 750 1455; x_wconf 86' lang='grc'>26,</span> <span class='ocrx_word' id='word_1_277' title='bbox 773 1415 807 1447; x_wconf 88' lang='lat' dir='ltr'>in</span> <span class='ocrx_word' id='word_1_278' title='bbox 831 1416 885 1447; x_wconf 92' lang='lat' dir='ltr'>IV:</span> <span class='ocrx_word' id='word_1_279' title='bbox 908 1415 965 1453; x_wconf 73' lang='lat'>543</span> <span class='ocrx_word' id='word_1_280' title='bbox 988 1415 1137 1456; x_wconf 83' lang='lat' dir='ltr'>singulos</span> <span class='ocrx_word' id='word_1_281' title='bbox 1161 1415 1309 1456; x_wconf 88' lang='lat' dir='ltr'>dactylos</span> <span class='ocrx_word' id='word_1_282' title='bbox 1334 1414 1524 1446; x_wconf 87' lang='lat' dir='ltr'>continent:</span> <span class='ocrx_word' id='word_1_283' title='bbox 1547 1413 1582 1445; x_wconf 91' lang='lat' dir='ltr'>in</span> <span class='ocrx_word' id='word_1_284' title='bbox 1604 1414 1633 1445; x_wconf 78' lang='lat'>1:</span> <span class='ocrx_word' id='word_1_285' title='bbox 1656 1414 1707 1445; x_wconf 90' lang='lat'>28.</span> <span class='ocrx_word' id='word_1_286' title='bbox 1731 1413 1772 1445; x_wconf 88' lang='grc'>36</span> <span class='ocrx_word' id='word_1_287' title='bbox 1798 1413 1869 1455; x_wconf 90' lang='lat' dir='ltr'>(ubi</span> <span class='ocrx_word' id='word_1_288' title='bbox 1891 1408 2046 1456; x_wconf 77' lang='grc' dir='ltr'>προδὸτης</span> 
     </span>
     <span class='ocr_line' id='line_1_24' title="bbox 274 1465 2045 1509; baseline 0 -10"><span class='ocrx_word' id='word_1_289' title='bbox 274 1467 561 1509; x_wconf 87' lang='lat' dir='ltr'>pronuntiandum</span> <span class='ocrx_word' id='word_1_290' title='bbox 588 1467 748 1509; x_wconf 81' lang='lat' dir='ltr'>videtur),</span> <span class='ocrx_word' id='word_1_291' title='bbox 778 1467 812 1498; x_wconf 89' lang='lat' dir='ltr'>in</span> <span class='ocrx_word' id='word_1_292' title='bbox 840 1467 895 1499; x_wconf 87' lang='lat' dir='ltr'><strong>III:</strong></span> <span class='ocrx_word' id='word_1_293' title='bbox 924 1467 943 1498; x_wconf 88' lang='lat'><strong>3</strong></span> <span class='ocrx_word' id='word_1_294' title='bbox 973 1466 1020 1507; x_wconf 92' lang='lat' dir='ltr'>(in</span> <span class='ocrx_word' id='word_1_295' title='bbox 1050 1477 1116 1507; x_wconf 87' lang='lat' dir='ltr'>quo</span> <span class='ocrx_word' id='word_1_296' title='bbox 1144 1476 1243 1498; x_wconf 91' lang='lat' dir='ltr'>versu</span> <span class='ocrx_word' id='word_1_297' title='bbox 1268 1465 1357 1507; x_wconf 80' lang='grc' dir='ltr'>&lt;τοι&gt;</span> <span class='ocrx_word' id='word_1_298' title='bbox 1386 1476 1455 1498; x_wconf 92' lang='lat' dir='ltr'>non</span> <span class='ocrx_word' id='word_1_299' title='bbox 1477 1467 1547 1498; x_wconf 82' lang='lat' dir='ltr'>tam</span> <span class='ocrx_word' id='word_1_300' title='bbox 1569 1465 1613 1497; x_wconf 89' lang='lat' dir='ltr'>ad</span> <span class='ocrx_word' id='word_1_301' title='bbox 1635 1465 1825 1498; x_wconf 79' lang='lat' dir='ltr'>evitandam</span> <span class='ocrx_word' id='word_1_302' title='bbox 1852 1473 2045 1499; x_wconf 78' lang='lat' dir='ltr'>mensuram</span> 
     </span>
    </p>
   </div>
   <div class='ocr_carea' id='block_1_8' title="bbox 268 1524 2090 2238">
    <p class='ocr_par' dir='ltr' id='par_1_12' title="bbox 274 1524 2046 1620">
     <span class='ocr_line' id='line_1_25' title="bbox 277 1524 2046 1570; baseline -0.001 -11"><span class='ocrx_word' id='word_1_303' title='bbox 277 1524 451 1570; x_wconf 72' lang='grc' dir='ltr'>μετάβολὰς</span> <span class='ocrx_word' id='word_1_304' title='bbox 466 1527 679 1560; x_wconf 86' lang='lat' dir='ltr'>adiciendum</span> <span class='ocrx_word' id='word_1_305' title='bbox 700 1527 886 1566; x_wconf 85' lang='lat' dir='ltr'>videbatur,</span> <span class='ocrx_word' id='word_1_306' title='bbox 908 1537 1007 1568; x_wconf 86' lang='lat' dir='ltr'>quam</span> <span class='ocrx_word' id='word_1_307' title='bbox 1022 1528 1059 1558; x_wconf 94' lang='lat' dir='ltr'>ut</span> <span class='ocrx_word' id='word_1_308' title='bbox 1075 1526 1222 1567; x_wconf 87' lang='lat' dir='ltr'>legitima</span> <span class='ocrx_word' id='word_1_309' title='bbox 1245 1536 1384 1558; x_wconf 89' lang='lat' dir='ltr'>caesura</span> <span class='ocrx_word' id='word_1_310' title='bbox 1399 1525 1552 1558; x_wconf 84' lang='lat' dir='ltr'>trimetro</span> <span class='ocrx_word' id='word_1_311' title='bbox 1576 1524 1793 1567; x_wconf 85' lang='lat' dir='ltr'>redderetur).</span> <span class='ocrx_word' id='word_1_312' title='bbox 1816 1525 1873 1564; x_wconf 73' lang='lat'>393</span> <span class='ocrx_word' id='word_1_313' title='bbox 1895 1525 2046 1566; x_wconf 75' lang='lat' dir='ltr'>singulos</span> 
     </span>
     <span class='ocr_line' id='line_1_26' title="bbox 274 1579 1590 1620; baseline -0.002 -9"><span class='ocrx_word' id='word_1_314' title='bbox 274 1581 475 1620; x_wconf 83' lang='lat' dir='ltr'>anapaestos</span> <span class='ocrx_word' id='word_1_315' title='bbox 500 1579 535 1610; x_wconf 94' lang='lat' dir='ltr'>in</span> <span class='ocrx_word' id='word_1_316' title='bbox 556 1579 583 1611; x_wconf 83' lang='lat' dir='ltr'>I:</span> <span class='ocrx_word' id='word_1_317' title='bbox 605 1579 656 1610; x_wconf 89' lang='lat'>23.</span> <span class='ocrx_word' id='word_1_318' title='bbox 678 1579 731 1610; x_wconf 86' lang='lat'>42.</span> <span class='ocrx_word' id='word_1_319' title='bbox 754 1579 806 1610; x_wconf 88' lang='lat'>53.</span> <span class='ocrx_word' id='word_1_320' title='bbox 1588 1618 1590 1620; x_wconf 17' lang='lat' dir='ltr'>v</span> 
     </span>
    </p>

    <p class='ocr_par' dir='ltr' id='par_1_13' title="bbox 275 1627 2045 1826">
     <span class='ocr_line' id='line_1_27' title="bbox 427 1627 2045 1671; baseline -0.001 -9"><span class='ocrx_word' id='word_1_321' title='bbox 427 1631 476 1662; x_wconf 91' lang='lat' dir='ltr'><strong>III.</strong></span> <span class='ocrx_word' id='word_1_322' title='bbox 501 1630 746 1669; x_wconf 88' lang='lat' dir='ltr'>Quaternarum</span> <span class='ocrx_word' id='word_1_323' title='bbox 762 1630 924 1661; x_wconf 89' lang='lat' dir='ltr'>denarum</span> <span class='ocrx_word' id='word_1_324' title='bbox 940 1630 1141 1671; x_wconf 87' lang='lat' dir='ltr'>syllabarum</span> <span class='ocrx_word' id='word_1_325' title='bbox 1158 1630 1236 1661; x_wconf 89' lang='lat' dir='ltr'>sunt</span> <span class='ocrx_word' id='word_1_326' title='bbox 1251 1629 1303 1661; x_wconf 92' lang='lat' dir='ltr'>hi:</span> <span class='ocrx_word' id='word_1_327' title='bbox 1326 1629 1368 1661; x_wconf 90' lang='lat'>24</span> <span class='ocrx_word' id='word_1_328' title='bbox 1383 1628 1473 1670; x_wconf 87' lang='lat' dir='ltr'>(cum</span> <span class='ocrx_word' id='word_1_329' title='bbox 1494 1628 1674 1662; x_wconf 88' lang='lat' dir='ltr'>tribrachis</span> <span class='ocrx_word' id='word_1_330' title='bbox 1691 1628 1726 1661; x_wconf 91' lang='lat' dir='ltr'>in</span> <span class='ocrx_word' id='word_1_331' title='bbox 1741 1628 1876 1661; x_wconf 86' lang='lat' dir='ltr'>sedibus</span> <span class='ocrx_word' id='word_1_332' title='bbox 1891 1627 1919 1661; x_wconf 89' lang='grc' dir='ltr'>Π</span> <span class='ocrx_word' id='word_1_333' title='bbox 1933 1627 2045 1670; x_wconf 81' lang='lat' dir='ltr'>etIV).</span> 
     </span>
     <span class='ocr_line' id='line_1_28' title="bbox 276 1678 2044 1724; baseline -0.001 -10"><span class='ocrx_word' id='word_1_334' title='bbox 276 1684 316 1715; x_wconf 91' lang='lat'>47</span> <span class='ocrx_word' id='word_1_335' title='bbox 341 1683 382 1724; x_wconf 86' lang='lat' dir='ltr'><strong>(c.</strong></span> <span class='ocrx_word' id='word_1_336' title='bbox 404 1683 499 1714; x_wconf 90' lang='lat' dir='ltr'>tribr.</span> <span class='ocrx_word' id='word_1_337' title='bbox 523 1682 557 1713; x_wconf 92' lang='lat' dir='ltr'>in</span> <span class='ocrx_word' id='word_1_338' title='bbox 579 1682 620 1713; x_wconf 95' lang='lat' dir='ltr'>IV</span> <span class='ocrx_word' id='word_1_339' title='bbox 644 1683 676 1713; x_wconf 93' lang='lat' dir='ltr'>et</span> <span class='ocrx_word' id='word_1_340' title='bbox 705 1681 836 1722; x_wconf 85' lang='lat' dir='ltr'>dactylo</span> <span class='ocrx_word' id='word_1_341' title='bbox 859 1681 894 1713; x_wconf 91' lang='lat' dir='ltr'>in</span> <span class='ocrx_word' id='word_1_342' title='bbox 917 1681 944 1719; x_wconf 86' lang='lat' dir='ltr'>I;</span> <span class='ocrx_word' id='word_1_343' title='bbox 973 1691 1052 1713; x_wconf 86' lang='lat' dir='ltr'>nam</span> <span class='ocrx_word' id='word_1_344' title='bbox 1082 1680 1217 1722; x_wconf 87' lang='lat' dir='ltr'>syllabis</span> <span class='ocrx_word' id='word_1_345' title='bbox 1243 1679 1265 1722; x_wconf 83' lang='grc' dir='ltr'>ἤ</span> <span class='ocrx_word' id='word_1_346' title='bbox 1289 1678 1406 1712; x_wconf 78' lang='grc' dir='ltr'>ἀδικεῖν</span> <span class='ocrx_word' id='word_1_347' title='bbox 1433 1681 1498 1712; x_wconf 90' lang='lat' dir='ltr'>hoc</span> <span class='ocrx_word' id='word_1_348' title='bbox 1521 1680 1662 1712; x_wconf 87' lang='lat' dir='ltr'>efficitur</span> <span class='ocrx_word' id='word_1_349' title='bbox 1691 1680 1842 1712; x_wconf 87' lang='lat' dir='ltr'>schema:</span> <span class='ocrx_word' id='word_1_350' title='bbox 1863 1678 1982 1721; x_wconf 76' lang='grc' dir='ltr'><strong>ννν-).</strong></span> <span class='ocrx_word' id='word_1_351' title='bbox 2003 1679 2044 1712; x_wconf 88' lang='grc'>37</span> 
     </span>
     <span class='ocr_line' id='line_1_29' title="bbox 275 1731 2045 1776; baseline -0.001 -10"><span class='ocrx_word' id='word_1_352' title='bbox 275 1735 316 1776; x_wconf 89' lang='lat' dir='ltr'><strong>(c.</strong></span> <span class='ocrx_word' id='word_1_353' title='bbox 339 1734 433 1766; x_wconf 88' lang='lat' dir='ltr'>tribr.</span> <span class='ocrx_word' id='word_1_354' title='bbox 457 1734 490 1765; x_wconf 92' lang='lat' dir='ltr'>in</span> <span class='ocrx_word' id='word_1_355' title='bbox 514 1734 540 1765; x_wconf 88' lang='lat' dir='ltr'>II</span> <span class='ocrx_word' id='word_1_356' title='bbox 563 1735 596 1765; x_wconf 90' lang='lat' dir='ltr'>et</span> <span class='ocrx_word' id='word_1_357' title='bbox 618 1735 802 1774; x_wconf 88' lang='lat' dir='ltr'>anapaesto</span> <span class='ocrx_word' id='word_1_358' title='bbox 826 1732 862 1764; x_wconf 91' lang='lat' dir='ltr'>in</span> <span class='ocrx_word' id='word_1_359' title='bbox 883 1732 947 1774; x_wconf 87' lang='lat' dir='ltr'><strong>IV).</strong></span> <span class='ocrx_word' id='word_1_360' title='bbox 970 1733 1009 1764; x_wconf 89' lang='lat'>41</span> <span class='ocrx_word' id='word_1_361' title='bbox 1035 1732 1076 1774; x_wconf 90' lang='lat' dir='ltr'><strong>(c.</strong></span> <span class='ocrx_word' id='word_1_362' title='bbox 1099 1732 1194 1764; x_wconf 90' lang='lat' dir='ltr'>tribr.</span> <span class='ocrx_word' id='word_1_363' title='bbox 1223 1732 1258 1764; x_wconf 90' lang='lat' dir='ltr'>in</span> <span class='ocrx_word' id='word_1_364' title='bbox 1280 1732 1321 1764; x_wconf 91' lang='lat' dir='ltr'>IV</span> <span class='ocrx_word' id='word_1_365' title='bbox 1343 1734 1376 1764; x_wconf 91' lang='lat' dir='ltr'>et</span> <span class='ocrx_word' id='word_1_366' title='bbox 1404 1732 1490 1764; x_wconf 89' lang='lat' dir='ltr'>dact.</span> <span class='ocrx_word' id='word_1_367' title='bbox 1520 1732 1555 1764; x_wconf 86' lang='lat' dir='ltr'>in</span> <span class='ocrx_word' id='word_1_368' title='bbox 1577 1732 1641 1774; x_wconf 87' lang='grc' dir='ltr'><strong>ΙΙΙ).</strong></span> <span class='ocrx_word' id='word_1_369' title='bbox 1669 1732 1712 1764; x_wconf 90' lang='lat'>50</span> <span class='ocrx_word' id='word_1_370' title='bbox 1737 1732 1826 1773; x_wconf 91' lang='lat' dir='ltr'>(cum</span> <span class='ocrx_word' id='word_1_371' title='bbox 1853 1731 2045 1774; x_wconf 78' lang='lat' dir='ltr'>anapaestis</span> 
     </span>
     <span class='ocr_line' id='line_1_30' title="bbox 275 1784 563 1826; baseline -0.003 -9"><span class='ocrx_word' id='word_1_372' title='bbox 275 1786 308 1817; x_wconf 88' lang='lat' dir='ltr'>in</span> <span class='ocrx_word' id='word_1_373' title='bbox 331 1786 371 1817; x_wconf 95' lang='lat' dir='ltr'>III</span> <span class='ocrx_word' id='word_1_374' title='bbox 394 1787 427 1817; x_wconf 90' lang='lat' dir='ltr'>et</span> <span class='ocrx_word' id='word_1_375' title='bbox 448 1784 498 1826; x_wconf 83' lang='lat' dir='ltr'>V).</span> <span class='ocrx_word' id='word_1_376' title='bbox 521 1802 563 1808; x_wconf 92' lang='lat'>—-</span> 
     </span>
    </p>

    <p class='ocr_par' dir='ltr' id='par_1_14' title="bbox 268 1831 2090 2238">
     <span class='ocr_line' id='line_1_31' title="bbox 426 1831 2044 1877; baseline -0.001 -9"><span class='ocrx_word' id='word_1_377' title='bbox 426 1837 560 1875; x_wconf 85' lang='lat' dir='ltr'>Eorum,</span> <span class='ocrx_word' id='word_1_378' title='bbox 584 1846 667 1877; x_wconf 88' lang='lat' dir='ltr'>quae</span> <span class='ocrx_word' id='word_1_379' title='bbox 697 1835 891 1876; x_wconf 84' lang='lat' dir='ltr'>singillatim</span> <span class='ocrx_word' id='word_1_380' title='bbox 920 1835 960 1867; x_wconf 91' lang='lat' dir='ltr'>de</span> <span class='ocrx_word' id='word_1_381' title='bbox 989 1845 1024 1867; x_wconf 87' lang='lat' dir='ltr'>re</span> <span class='ocrx_word' id='word_1_382' title='bbox 1054 1834 1193 1867; x_wconf 86' lang='lat' dir='ltr'>metrica</span> <span class='ocrx_word' id='word_1_383' title='bbox 1209 1831 1514 1876; x_wconf 82' lang='lat' dir='ltr'>‘Comparationis&#39;‚</span> <span class='ocrx_word' id='word_1_384' title='bbox 1532 1832 1773 1867; x_wconf 81' lang='lat' dir='ltr'>‘Distichorum</span> <span class='ocrx_word' id='word_1_385' title='bbox 1795 1832 2044 1874; x_wconf 88' lang='lat' dir='ltr'>Parisinorum’,</span> 
     </span>
     <span class='ocr_line' id='line_1_32' title="bbox 268 1883 2045 1929; baseline -0.001 -9"><span class='ocrx_word' id='word_1_386' title='bbox 268 1884 486 1929; x_wconf 88' lang='lat' dir='ltr'>‘Appendicis</span> <span class='ocrx_word' id='word_1_387' title='bbox 502 1883 527 1919; x_wconf 89' lang='lat'>1’</span> <span class='ocrx_word' id='word_1_388' title='bbox 541 1887 767 1928; x_wconf 87' lang='lat' dir='ltr'>exposuimus,</span> <span class='ocrx_word' id='word_1_389' title='bbox 784 1887 812 1919; x_wconf 89' lang='lat' dir='ltr'>si</span> <span class='ocrx_word' id='word_1_390' title='bbox 826 1897 991 1920; x_wconf 88' lang='lat' dir='ltr'>summam</span> <span class='ocrx_word' id='word_1_391' title='bbox 1004 1886 1191 1926; x_wconf 72' lang='lat' dir='ltr'>fecerimus,</span> <span class='ocrx_word' id='word_1_392' title='bbox 1204 1896 1279 1919; x_wconf 90' lang='lat' dir='ltr'>esse</span> <span class='ocrx_word' id='word_1_393' title='bbox 1295 1886 1331 1918; x_wconf 93' lang='lat' dir='ltr'>in</span> <span class='ocrx_word' id='word_1_394' title='bbox 1343 1887 1396 1918; x_wconf 92' lang='lat' dir='ltr'>his</span> <span class='ocrx_word' id='word_1_395' title='bbox 1413 1886 1665 1928; x_wconf 85' lang='lat' dir='ltr'>quaestionibus</span> <span class='ocrx_word' id='word_1_396' title='bbox 1682 1886 1849 1927; x_wconf 85' lang='lat' dir='ltr'>quandam</span> <span class='ocrx_word' id='word_1_397' title='bbox 1872 1885 2045 1918; x_wconf 86' lang='lat' dir='ltr'>nesciendi</span> 
     </span>
     <span class='ocr_line' id='line_1_33' title="bbox 275 1937 2044 1980; baseline -0.001 -9"><span class='ocrx_word' id='word_1_398' title='bbox 275 1950 344 1971; x_wconf 90' lang='lat' dir='ltr'>non</span> <span class='ocrx_word' id='word_1_399' title='bbox 366 1940 572 1980; x_wconf 85' lang='lat' dir='ltr'>voluptatem</span> <span class='ocrx_word' id='word_1_400' title='bbox 593 1941 628 1971; x_wconf 89' lang='lat' dir='ltr'>at</span> <span class='ocrx_word' id='word_1_401' title='bbox 656 1939 893 1971; x_wconf 86' lang='lat' dir='ltr'>necessitatem</span> <span class='ocrx_word' id='word_1_402' title='bbox 922 1938 1173 1970; x_wconf 90' lang='lat' dir='ltr'>concedendum</span> <span class='ocrx_word' id='word_1_403' title='bbox 1202 1938 1337 1979; x_wconf 90' lang='lat' dir='ltr'>quidem</span> <span class='ocrx_word' id='word_1_404' title='bbox 1360 1940 1424 1976; x_wconf 85' lang='lat' dir='ltr'>est;</span> <span class='ocrx_word' id='word_1_405' title='bbox 1458 1939 1606 1970; x_wconf 88' lang='lat' dir='ltr'>attamen</span> <span class='ocrx_word' id='word_1_406' title='bbox 1635 1937 1725 1973; x_wconf 83' lang='lat' dir='ltr'>haud</span> <span class='ocrx_word' id='word_1_407' title='bbox 1748 1937 1832 1970; x_wconf 88' lang='lat' dir='ltr'>levia</span> <span class='ocrx_word' id='word_1_408' title='bbox 1865 1937 1953 1970; x_wconf 87' lang='lat' dir='ltr'>inter</span> <span class='ocrx_word' id='word_1_409' title='bbox 1974 1939 2044 1970; x_wconf 81' lang='lat' dir='ltr'>tres</span> 
     </span>
     <span class='ocr_line' id='line_1_34' title="bbox 275 1989 2044 2030; baseline -0.001 -7"><span class='ocrx_word' id='word_1_410' title='bbox 275 1992 348 2023; x_wconf 89' lang='lat' dir='ltr'>illas</span> <span class='ocrx_word' id='word_1_411' title='bbox 373 1992 616 2023; x_wconf 87' lang='lat' dir='ltr'>sententiarum</span> <span class='ocrx_word' id='word_1_412' title='bbox 640 1991 856 2023; x_wconf 86' lang='lat' dir='ltr'>collectiones</span> <span class='ocrx_word' id='word_1_413' title='bbox 881 1990 1087 2023; x_wconf 88' lang='lat' dir='ltr'>intercedere</span> <span class='ocrx_word' id='word_1_414' title='bbox 1110 1989 1306 2022; x_wconf 86' lang='lat' dir='ltr'>discrimina</span> <span class='ocrx_word' id='word_1_415' title='bbox 1322 1991 1464 2022; x_wconf 84' lang='lat' dir='ltr'>constat.</span> <span class='ocrx_word' id='word_1_416' title='bbox 1507 1989 1556 2021; x_wconf 93' lang='lat' dir='ltr'>De</span> <span class='ocrx_word' id='word_1_417' title='bbox 1579 1991 1716 2030; x_wconf 85' lang='lat' dir='ltr'>quartae</span> <span class='ocrx_word' id='word_1_418' title='bbox 1739 1989 1882 2030; x_wconf 86' lang='lat' dir='ltr'>denique</span> <span class='ocrx_word' id='word_1_419' title='bbox 1905 1990 2044 2022; x_wconf 85' lang='lat' dir='ltr'>conten·</span> 
     </span>
     <span class='ocr_line' id='line_1_35' title="bbox 273 2039 2045 2084; baseline -0.002 -9"><span class='ocrx_word' id='word_1_420' title='bbox 273 2043 375 2075; x_wconf 89' lang='lat' dir='ltr'>tionis</span> <span class='ocrx_word' id='word_1_421' title='bbox 400 2044 517 2082; x_wconf 84' lang='lat' dir='ltr'>metro,</span> <span class='ocrx_word' id='word_1_422' title='bbox 542 2053 642 2084; x_wconf 89' lang='lat' dir='ltr'>quam</span> <span class='ocrx_word' id='word_1_423' title='bbox 665 2042 699 2074; x_wconf 91' lang='lat' dir='ltr'>in</span> <span class='ocrx_word' id='word_1_424' title='bbox 718 2040 967 2083; x_wconf 87' lang='lat' dir='ltr'>‘Appendice</span> <span class='ocrx_word' id='word_1_425' title='bbox 990 2039 1025 2073; x_wconf 89' lang='lat'>11’</span> <span class='ocrx_word' id='word_1_426' title='bbox 1050 2042 1189 2080; x_wconf 84' lang='lat' dir='ltr'>edimus,</span> <span class='ocrx_word' id='word_1_427' title='bbox 1213 2041 1372 2083; x_wconf 87' lang='lat' dir='ltr'>quoniam</span> <span class='ocrx_word' id='word_1_428' title='bbox 1395 2042 1428 2073; x_wconf 84' lang='lat' dir='ltr'>et</span> <span class='ocrx_word' id='word_1_429' title='bbox 1450 2041 1551 2073; x_wconf 89' lang='lat' dir='ltr'>nimis</span> <span class='ocrx_word' id='word_1_430' title='bbox 1563 2041 1678 2082; x_wconf 88' lang='lat' dir='ltr'>paucis</span> <span class='ocrx_word' id='word_1_431' title='bbox 1697 2040 1993 2073; x_wconf 86' lang='lat' dir='ltr'>constatversibus</span> <span class='ocrx_word' id='word_1_432' title='bbox 2011 2042 2045 2073; x_wconf 83' lang='lat' dir='ltr'>et</span> 
     </span>
     <span class='ocr_line' id='line_1_36' title="bbox 274 2091 2044 2135; baseline -0.001 -9"><span class='ocrx_word' id='word_1_433' title='bbox 274 2105 391 2135; x_wconf 87' lang='lat' dir='ltr'>parum</span> <span class='ocrx_word' id='word_1_434' title='bbox 406 2095 504 2135; x_wconf 91' lang='lat' dir='ltr'>plene</span> <span class='ocrx_word' id='word_1_435' title='bbox 527 2094 633 2134; x_wconf 87' lang='lat' dir='ltr'>lectis,</span> <span class='ocrx_word' id='word_1_436' title='bbox 656 2104 745 2126; x_wconf 91' lang='lat' dir='ltr'>nunc</span> <span class='ocrx_word' id='word_1_437' title='bbox 760 2103 829 2126; x_wconf 92' lang='lat' dir='ltr'>non</span> <span class='ocrx_word' id='word_1_438' title='bbox 845 2103 956 2134; x_wconf 79' lang='lat' dir='ltr'>agam3</span> <span class='ocrx_word' id='word_1_439' title='bbox 979 2093 1132 2125; x_wconf 88' lang='lat' dir='ltr'>videntur</span> <span class='ocrx_word' id='word_1_440' title='bbox 1153 2095 1266 2125; x_wconf 89' lang='lat' dir='ltr'>tamen</span> <span class='ocrx_word' id='word_1_441' title='bbox 1289 2103 1359 2125; x_wconf 88' lang='lat' dir='ltr'>non</span> <span class='ocrx_word' id='word_1_442' title='bbox 1381 2092 1560 2124; x_wconf 89' lang='lat' dir='ltr'>dissimiles</span> <span class='ocrx_word' id='word_1_443' title='bbox 1584 2092 1716 2133; x_wconf 86' lang='lat' dir='ltr'>regulae</span> <span class='ocrx_word' id='word_1_444' title='bbox 1739 2092 1774 2124; x_wconf 87' lang='lat' dir='ltr'>in</span> <span class='ocrx_word' id='word_1_445' title='bbox 1790 2092 1860 2125; x_wconf 91' lang='lat' dir='ltr'>eius</span> <span class='ocrx_word' id='word_1_446' title='bbox 1882 2091 2044 2125; x_wconf 87' lang='lat' dir='ltr'>trimetris</span> 
     </span>
     <span class='ocr_line' id='line_1_37' title="bbox 274 2141 2090 2187; baseline -0.001 -10"><span class='ocrx_word' id='word_1_447' title='bbox 274 2146 507 2187; x_wconf 85' lang='lat' dir='ltr'>agnoscendae</span> <span class='ocrx_word' id='word_1_448' title='bbox 531 2155 606 2177; x_wconf 90' lang='lat' dir='ltr'>esse</span> <span class='ocrx_word' id='word_1_449' title='bbox 628 2147 727 2186; x_wconf 87' lang='lat' dir='ltr'>atque</span> <span class='ocrx_word' id='word_1_450' title='bbox 751 2145 785 2177; x_wconf 90' lang='lat' dir='ltr'>in</span> <span class='ocrx_word' id='word_1_451' title='bbox 808 2141 982 2176; x_wconf 85' lang='lat' dir='ltr'>‘Distichis</span> <span class='ocrx_word' id='word_1_452' title='bbox 1011 2141 1194 2176; x_wconf 85' lang='lat' dir='ltr'>Parisinis’.</span> <span class='ocrx_word' id='word_1_453' title='bbox 1239 2144 1330 2178; x_wconf 87' lang='lat' dir='ltr'>Satis</span> <span class='ocrx_word' id='word_1_454' title='bbox 1360 2143 1485 2176; x_wconf 89' lang='lat' dir='ltr'>recenti</span> <span class='ocrx_word' id='word_1_455' title='bbox 1508 2145 1620 2176; x_wconf 91' lang='lat' dir='ltr'>autem</span> <span class='ocrx_word' id='word_1_456' title='bbox 1642 2145 1793 2184; x_wconf 91' lang='lat' dir='ltr'>tempore</span> <span class='ocrx_word' id='word_1_457' title='bbox 1816 2153 1890 2175; x_wconf 91' lang='lat' dir='ltr'>eam</span> <span class='ocrx_word' id='word_1_458' title='bbox 1912 2153 2044 2184; x_wconf 84' lang='lat' dir='ltr'>quoque</span> <span class='ocrx_word' id='word_1_459' title='bbox 2086 2159 2090 2166; x_wconf 92' lang='lat'>·</span> 
     </span>
     <span class='ocr_line' id='line_1_38' title="bbox 276 2193 2045 2238; baseline -0.002 -9"><span class='ocrx_word' id='word_1_460' title='bbox 276 2197 501 2238; x_wconf 84' lang='lat' dir='ltr'>conscriptam</span> <span class='ocrx_word' id='word_1_461' title='bbox 532 2207 606 2229; x_wconf 89' lang='lat' dir='ltr'>esse</span> <span class='ocrx_word' id='word_1_462' title='bbox 641 2197 738 2228; x_wconf 89' lang='lat' dir='ltr'>docet</span> <span class='ocrx_word' id='word_1_463' title='bbox 773 2198 805 2228; x_wconf 93' lang='lat' dir='ltr'>et</span> <span class='ocrx_word' id='word_1_464' title='bbox 834 2196 1061 2237; x_wconf 89' lang='lat' dir='ltr'>spondeorum</span> <span class='ocrx_word' id='word_1_465' title='bbox 1090 2195 1124 2227; x_wconf 91' lang='lat' dir='ltr'>in</span> <span class='ocrx_word' id='word_1_466' title='bbox 1159 2196 1237 2228; x_wconf 89' lang='lat' dir='ltr'>sede</span> <span class='ocrx_word' id='word_1_467' title='bbox 1270 2196 1376 2228; x_wconf 87' lang='lat' dir='ltr'>altera</span> <span class='ocrx_word' id='word_1_468' title='bbox 1409 2197 1566 2237; x_wconf 89' lang='lat' dir='ltr'>quartave</span> <span class='ocrx_word' id='word_1_469' title='bbox 1599 2195 1824 2227; x_wconf 86' lang='lat' dir='ltr'>admissorum</span> <span class='ocrx_word' id='word_1_470' title='bbox 1858 2193 2045 2236; x_wconf 86' lang='lat' dir='ltr'>frequentia</span> 
     </span>
    </p>
   </div>
   <div class='ocr_carea' id='block_1_9' title="bbox 275 2249 2045 2564">
    <p class='ocr_par' dir='ltr' id='par_1_15' title="bbox 275 2249 2045 2452">
     <span class='ocr_line' id='line_1_39' title="bbox 275 2249 2045 2298; baseline -0.001 -9"><span class='ocrx_word' id='word_1_471' title='bbox 275 2258 327 2298; x_wconf 89' lang='lat' dir='ltr'><strong>(cf.</strong></span> <span class='ocrx_word' id='word_1_472' title='bbox 361 2268 390 2290; x_wconf 91' lang='lat' dir='ltr'>v.</span> <span class='ocrx_word' id='word_1_473' title='bbox 425 2258 454 2289; x_wconf 83' lang='lat'>3.</span> <span class='ocrx_word' id='word_1_474' title='bbox 483 2258 535 2289; x_wconf 73' lang='lat' dir='ltr'><strong>4P.</strong></span> <span class='ocrx_word' id='word_1_475' title='bbox 565 2257 617 2289; x_wconf 67' lang='lat'><strong>61³.</strong></span> <span class='ocrx_word' id='word_1_476' title='bbox 646 2258 676 2289; x_wconf 89' lang='grc'>8.</span> <span class='ocrx_word' id='word_1_477' title='bbox 706 2258 736 2288; x_wconf 86' lang='grc'>9.</span> <span class='ocrx_word' id='word_1_478' title='bbox 773 2258 821 2288; x_wconf 92' lang='lat'>10.</span> <span class='ocrx_word' id='word_1_479' title='bbox 855 2256 909 2298; x_wconf 90' lang='lat'><strong>20)</strong></span> <span class='ocrx_word' id='word_1_480' title='bbox 944 2258 976 2288; x_wconf 90' lang='lat' dir='ltr'>et</span> <span class='ocrx_word' id='word_1_481' title='bbox 1008 2256 1131 2297; x_wconf 88' lang='lat' dir='ltr'>pedum</span> <span class='ocrx_word' id='word_1_482' title='bbox 1160 2256 1410 2297; x_wconf 84' lang='lat' dir='ltr'>trisyllaborum</span> <span class='ocrx_word' id='word_1_483' title='bbox 1442 2255 1592 2296; x_wconf 88' lang='lat' dir='ltr'>paucitas</span> <span class='ocrx_word' id='word_1_484' title='bbox 1627 2257 1660 2287; x_wconf 89' lang='lat' dir='ltr'>et</span> <span class='ocrx_word' id='word_1_485' title='bbox 1686 2265 1863 2287; x_wconf 87' lang='lat' dir='ltr'>mensurae</span> <span class='ocrx_word' id='word_1_486' title='bbox 1884 2249 1920 2288; x_wconf 72' lang='grc' dir='ltr'>τὸ</span> <span class='ocrx_word' id='word_1_487' title='bbox 1947 2254 2045 2296; x_wconf 71' lang='grc' dir='ltr'><strong>σαφὲς</strong></span> 
     </span>
     <span class='ocr_line' id='line_1_40' title="bbox 276 2305 2044 2350; baseline -0.001 -10"><span class='ocrx_word' id='word_1_488' title='bbox 276 2309 312 2350; x_wconf 69' lang='grc' dir='ltr'>(Ρ,</span> <span class='ocrx_word' id='word_1_489' title='bbox 336 2320 364 2340; x_wconf 92' lang='lat' dir='ltr'>v.</span> <span class='ocrx_word' id='word_1_490' title='bbox 391 2309 441 2348; x_wconf 89' lang='lat'>18)</span> <span class='ocrx_word' id='word_1_491' title='bbox 464 2308 637 2340; x_wconf 88' lang='lat' dir='ltr'>barbaries</span> <span class='ocrx_word' id='word_1_492' title='bbox 661 2310 694 2340; x_wconf 88' lang='lat' dir='ltr'>et</span> <span class='ocrx_word' id='word_1_493' title='bbox 716 2308 902 2348; x_wconf 82' lang='lat' dir='ltr'>argumenti</span> <span class='ocrx_word' id='word_1_494' title='bbox 933 2308 1075 2340; x_wconf 85' lang='lat' dir='ltr'>exilitas.</span> <span class='ocrx_word' id='word_1_495' title='bbox 1126 2307 1194 2339; x_wconf 91' lang='lat' dir='ltr'>Sed</span> <span class='ocrx_word' id='word_1_496' title='bbox 1222 2317 1297 2339; x_wconf 88' lang='lat' dir='ltr'>cum</span> <span class='ocrx_word' id='word_1_497' title='bbox 1327 2306 1468 2339; x_wconf 84' lang='lat' dir='ltr'>immixti</span> <span class='ocrx_word' id='word_1_498' title='bbox 1498 2306 1567 2339; x_wconf 90' lang='lat' dir='ltr'>sint</span> <span class='ocrx_word' id='word_1_499' title='bbox 1592 2306 1719 2347; x_wconf 90' lang='lat' dir='ltr'>aliquot</span> <span class='ocrx_word' id='word_1_500' title='bbox 1747 2306 1850 2347; x_wconf 88' lang='lat' dir='ltr'>pedes</span> <span class='ocrx_word' id='word_1_501' title='bbox 1871 2305 2044 2347; x_wconf 80' lang='lat' dir='ltr'>trisyllabi,</span> 
     </span>
     <span class='ocr_line' id='line_1_41' title="bbox 275 2355 2044 2400; baseline -0.002 -8"><span class='ocrx_word' id='word_1_502' title='bbox 275 2371 317 2392; x_wconf 90' lang='lat' dir='ltr'>ne</span> <span class='ocrx_word' id='word_1_503' title='bbox 351 2361 438 2392; x_wconf 89' lang='lat' dir='ltr'>hanc</span> <span class='ocrx_word' id='word_1_504' title='bbox 481 2360 614 2400; x_wconf 90' lang='lat' dir='ltr'>quidem</span> <span class='ocrx_word' id='word_1_505' title='bbox 641 2357 884 2400; x_wconf 83' lang='lat' dir='ltr'>‘Appendicem</span> <span class='ocrx_word' id='word_1_506' title='bbox 918 2355 956 2390; x_wconf 86' lang='lat'>11’</span> <span class='ocrx_word' id='word_1_507' title='bbox 997 2361 1075 2400; x_wconf 92' lang='lat' dir='ltr'>post</span> <span class='ocrx_word' id='word_1_508' title='bbox 1113 2359 1282 2391; x_wconf 87' lang='lat' dir='ltr'>saeculum</span> <span class='ocrx_word' id='word_1_509' title='bbox 1322 2358 1499 2399; x_wconf 90' lang='lat' dir='ltr'>septimum</span> <span class='ocrx_word' id='word_1_510' title='bbox 1534 2359 1728 2390; x_wconf 87' lang='lat' dir='ltr'>octavumve</span> <span class='ocrx_word' id='word_1_511' title='bbox 1761 2357 2044 2390; x_wconf 78' lang='lat' dir='ltr'>conscribillatam</span> 
     </span>
     <span class='ocr_line' id='line_1_42' title="bbox 276 2411 695 2452; baseline -0.005 -8"><span class='ocrx_word' id='word_1_512' title='bbox 276 2422 350 2444; x_wconf 90' lang='lat' dir='ltr'>esse</span> <span class='ocrx_word' id='word_1_513' title='bbox 372 2411 546 2452; x_wconf 88' lang='lat' dir='ltr'>probabile</span> <span class='ocrx_word' id='word_1_514' title='bbox 570 2413 630 2443; x_wconf 83' lang='lat' dir='ltr'>est.</span> <span class='ocrx_word' id='word_1_515' title='bbox 653 2429 695 2433; x_wconf 85' lang='lat'>——</span> 
     </span>
    </p>

    <p class='ocr_par' dir='ltr' id='par_1_16' title="bbox 276 2466 2044 2564">
     <span class='ocr_line' id='line_1_43' title="bbox 426 2466 2044 2512; baseline -0.002 -9"><span class='ocrx_word' id='word_1_516' title='bbox 426 2472 539 2512; x_wconf 88' lang='lat' dir='ltr'>Itaque</span> <span class='ocrx_word' id='word_1_517' title='bbox 557 2469 750 2503; x_wconf 73' lang='lat' dir='ltr'>‘Menandri</span> <span class='ocrx_word' id='word_1_518' title='bbox 773 2473 806 2503; x_wconf 90' lang='lat' dir='ltr'>et</span> <span class='ocrx_word' id='word_1_519' title='bbox 827 2470 1038 2502; x_wconf 88' lang='lat' dir='ltr'>Philistionis</span> <span class='ocrx_word' id='word_1_520' title='bbox 1064 2466 1291 2511; x_wconf 87' lang='lat' dir='ltr'>Comparatio&#39;</span> <span class='ocrx_word' id='word_1_521' title='bbox 1315 2479 1383 2502; x_wconf 91' lang='lat' dir='ltr'>non</span> <span class='ocrx_word' id='word_1_522' title='bbox 1406 2471 1484 2510; x_wconf 90' lang='lat' dir='ltr'>post</span> <span class='ocrx_word' id='word_1_523' title='bbox 1500 2469 1669 2501; x_wconf 88' lang='lat' dir='ltr'>saeculum</span> <span class='ocrx_word' id='word_1_524' title='bbox 1693 2468 1871 2510; x_wconf 88' lang='lat' dir='ltr'>septimum</span> <span class='ocrx_word' id='word_1_525' title='bbox 1886 2467 2044 2507; x_wconf 88' lang='lat' dir='ltr'>medium,</span> 
     </span>
     <span class='ocr_line' id='line_1_44' title="bbox 276 2517 2044 2564; baseline -0.002 -9"><span class='ocrx_word' id='word_1_526' title='bbox 276 2523 335 2555; x_wconf 89' lang='lat' dir='ltr'>sed</span> <span class='ocrx_word' id='word_1_527' title='bbox 357 2525 435 2564; x_wconf 90' lang='lat' dir='ltr'>post</span> <span class='ocrx_word' id='word_1_528' title='bbox 458 2523 592 2555; x_wconf 88' lang='lat' dir='ltr'>Ioannis</span> <span class='ocrx_word' id='word_1_529' title='bbox 616 2523 753 2555; x_wconf 88' lang='lat' dir='ltr'>Stobaei</span> <span class='ocrx_word' id='word_1_530' title='bbox 776 2524 920 2555; x_wconf 87' lang='lat' dir='ltr'>aetatem</span> <span class='ocrx_word' id='word_1_531' title='bbox 944 2522 1131 2563; x_wconf 89' lang='lat' dir='ltr'>composita</span> <span class='ocrx_word' id='word_1_532' title='bbox 1155 2523 1215 2553; x_wconf 88' lang='lat' dir='ltr'>est.</span> <span class='ocrx_word' id='word_1_533' title='bbox 1260 2521 1344 2554; x_wconf 86' lang='lat' dir='ltr'>Nam</span> <span class='ocrx_word' id='word_1_534' title='bbox 1367 2521 1466 2554; x_wconf 88' lang='lat' dir='ltr'>huius</span> <span class='ocrx_word' id='word_1_535' title='bbox 1495 2520 1726 2561; x_wconf 78' lang='lat' dir='ltr'>anthologiam</span> <span class='ocrx_word' id='word_1_536' title='bbox 1754 2520 1864 2561; x_wconf 85' lang='lat' dir='ltr'>ipsum</span> <span class='ocrx_word' id='word_1_537' title='bbox 1885 2529 1906 2552; x_wconf 85' lang='lat' dir='ltr'>a</span> <span class='ocrx_word' id='word_1_538' title='bbox 1923 2517 2044 2552; x_wconf 80' lang='lat' dir='ltr'>‘Com-</span> 
     </span>
    </p>
   </div>
  </div>
 </body>
</html>
