2138 2748
1163 266 1202 301 1²2

298 359 396 392 unius
419 360 550 401 generis
574 371 649 393 esse
671 361 847 394 voluerunt
874 363 1046 395 trimetros
1069 364 1231 396 iambicos
1255 374 1383 404 omnes,
1414 363 1473 396 sed
1500 364 1611 397 varios
1641 365 1828 398 statuerunt
1849 360 2063 409 χαρακτῆράς.

298 411 406 452 Atque
443 412 530 444 inter
566 423 625 444 eos
659 413 793 454 quidem
833 415 1048 455 Byzantinos,
1088 425 1229 456 quorum
1268 416 1434 448 didactica
1466 417 1616 448 carmina
1653 417 1795 449 iambica
1831 418 1875 450 ad
1912 421 2064 451 nostram

298 463 493 495 memoriam
521 466 754 504 pervenerunt,
781 475 851 497 non
880 466 1011 506 desunt,
1045 467 1100 507 qui
1129 477 1198 499 non
1227 477 1323 499 secus
1351 470 1449 508 atque
1483 467 1563 500 olim
1585 469 1810 509 Apollodorus
1832 469 2060 510 Atheniensis,

298 514 622 556 Pseudo-Scymnus,
645 516 824 557 Dionysius
849 517 1071 558 Calliphontis
1094 518 1189 557 filius,
1218 519 1274 550 alii
1296 519 1470 551 Menandri
1492 519 1766 561 Philemonisque
1787 520 1958 553 trimetros
1981 522 2064 554 iam-

296 565 389 597 bicos
412 566 553 607 pedibus
578 567 758 608 trisyllabis
781 568 992 600 abundantes
1016 569 1178 601 imitando
1202 571 1388 611 exprimere
1412 570 1524 602 conati
1547 571 1625 610 sint,
1654 571 1826 613 antiquam
1848 574 1959 604 autem
1989 580 2064 606 cae-

298 626 450 650 surarum
473 617 642 650 licentiam
657 619 837 651 artissimis
852 620 973 652 finibus
997 620 1329 662 circumscripserint.
1366 622 1583 654 Memorabile
1605 623 1703 654 huius
1720 623 1852 664 generis
1876 624 2064 666 exemplum

296 668 459 708 praebent
475 667 549 702 “τῶν
571 668 649 701 ἑπτὰ
671 672 775 712 σοφῶν
798 668 1050 713 ἀποφθέγματοῖ,
1085 673 1276 713 anapaestis
1310 673 1490 705 tribrachis
1520 673 1657 715 dactylis
1686 675 1808 707 referta
1834 675 1892 707 illa
1919 675 2064 717 quidem,

295 719 355 750 sed
388 719 476 752 intra
510 721 767 762 semiquinariae
801 732 958 754 caesurae
992 725 1025 754 et
1053 724 1348 764 semiseptenariae
1376 725 1459 757 fines
1482 735 1638 757 versuum
1660 725 1843 758 incisiones
1873 726 2065 759 cohihentia

294 780 355 802 nec
390 771 500 803 minus
529 772 700 813 antiquam
728 774 894 805 vocalium
921 784 1114 806 mensuram
1143 776 1311 808 servantia
1340 786 1439 817 quam
1468 777 1638 809 soloecum
1672 778 1837 810 vocalium
1864 787 2064 812 concursum

295 822 556 855 reformidantia.
603 824 695 862 Quae
713 822 966 867 “ἀποφθέγματα’
985 836 1050 866 quo
1073 829 1223 867 tempore
1247 828 1434 868 composita
1458 828 1535 867 sint,
1558 838 1757 869 quamquam
1781 839 1898 870 parum
1919 832 2064 870 constat,

294 875 416 912 tamen,
447 874 610 915 siquidem
633 876 770 907 Stohaei
797 877 1028 917 anthologium
1056 878 1192 910 novisse
1221 880 1254 910 et
1282 879 1325 910 ad
1348 879 1588 920 explicationes
1617 880 1767 921 poeticas
1791 881 2064 921 conscribendas,

295 924 414 965 quibus
439 926 579 958 selectas
605 929 734 967 septem
750 928 952 968 sapientium
975 930 1161 962 sententias
1185 930 1338 969 illustrat,
1361 931 1556 964 adhibuisse
1582 930 1713 963 videtur
1738 932 1804 971 ille,
1827 932 1977 974 quisquis
1993 933 2065 972 fuit,

294 975 350 1016 qui
373 977 435 1008 hos
459 977 629 1009 trimetros
651 978 756 1017 finxit,
780 979 913 1010 saeculo
937 980 1054 1020 quinto
1079 982 1213 1013 exeunti
1235 982 1287 1013 vel
1311 982 1439 1014 ineunti
1463 985 1559 1014 sexto
1575 983 1604 1015 si
1620 983 1709 1015 hunc
1723 984 1983 1020 versificatorem
2005 984 2065 1017 tri-

293 1027 474 1066 buerimus,
503 1029 685 1061 verendum
708 1029 762 1061 vix
791 1032 852 1069 est,
881 1041 922 1062 ne
951 1031 1050 1072 longe
1076 1043 1097 1064 a
1119 1043 1198 1065 vero
1227 1033 1421 1065 aberremus
1431 1033 1462 1075 ¹).
1507 1034 1716 1075 Quamquam
1739 1028 1998 1068 concedendum
2014 1038 2066 1069 est

293 1079 363 1110 fieri
386 1080 545 1120 potuisse,
568 1083 604 1112 ut
627 1091 696 1113 non
720 1081 793 1122 ipso
810 1083 968 1122 Stobaeo,
992 1083 1051 1115 sed
1074 1085 1140 1116 alio
1163 1084 1274 1126 aliquo
1291 1085 1533 1118 sententiarum
1552 1086 1730 1118 moralium
1746 1086 1941 1128 anthologIO
1963 1087 2065 1120 hodie

295 1130 470 1171 deperdito
497 1134 660 1164 uteretur:
689 1133 779 1174 quod
808 1134 837 1165 si
864 1134 1022 1166 malueris
1051 1137 1207 1175 statuere,
1236 1137 1456 1169 confidentius
1486 1137 1529 1169 ad
1557 1137 1709 1178 quintum
1738 1139 1907 1171 saeculum
1939 1139 2066 1172 referre

294 1182 406 1222 possis
425 1179 771 1225 ‘apophthegmatum'
797 1185 1016 1218 iambicorum
1039 1187 1248 1228 scriptorem.
1293 1187 1400 1226 Quam
1429 1189 1526 1220 facile
1548 1191 1659 1221 autem
1689 1190 1789 1222 etiam
1813 1193 1910 1222 sexto
1931 1191 2065 1223 saeculo

294 1233 392 1265 fuerit
414 1235 607 1267 hominibus
624 1236 762 1268 eruditis
777 1237 950 1269 trimetros
974 1238 1136 1271 iambicos
1153 1239 1334 1280 trisyllabis
1349 1240 1491 1281 pedibus
1507 1241 1646 1280 variare,
1662 1244 1796 1282 praeter
1816 1243 1946 1274 ceteros
1968 1242 2065 1275 docet

293 1285 387 1317 Pauli
410 1286 593 1319 Silentiarii
617 1288 815 1328 exemplum,
839 1299 938 1329 quem
961 1290 1094 1322 saeculo
1117 1291 1158 1322 VI
1180 1291 1290 1323 medio
1313 1291 1467 1323 floruisse
1490 1294 1632 1324 constat.

443 1338 523 1370 Inde
546 1349 566 1370 a
588 1340 722 1371 saeculo
746 1340 899 1380 septimo,
922 1351 998 1373 cum
1026 1341 1060 1373 in
1089 1341 1161 1374 dies
1188 1342 1435 1383 ingravesceret
1462 1343 1647 1383 barbaries,
1677 1344 1811 1385 plurimi
1834 1344 2065 1386 iambographi

294 1390 482 1430 exemplum
506 1390 637 1431 Georgii
660 1391 794 1423 Pisidae
824 1393 929 1424 secuti
957 1393 1205 1433 trisyllaborum
1231 1393 1355 1434 pedum
1387 1403 1484 1425 usum
1518 1394 1767 1435 imminuerunt,
1796 1396 2064 1429 concurrentium

294 1441 459 1473 vocalium
483 1442 621 1480 hiatum,
645 1453 744 1483 quem
766 1443 833 1475 iam
857 1445 990 1475 saeculo
1014 1446 1132 1485 quarto
1156 1445 1352 1485 Gregorium
1374 1445 1618 1478 Nazianzenum
1639 1447 1804 1479 tolerasse
1827 1449 1968 1487 constat,
1995 1457 2065 1480 non

293 1492 392 1524 anxie
415 1493 682 1533 repudiaverunt,
706 1504 862 1526 caesuras
886 1496 1051 1536 legitimas
1075 1496 1361 1538 (semiquinariam
1386 1498 1418 1528 et
1441 1497 1765 1540 semiseptenariam)
1795 1499 1886 1531 solas
1908 1499 2064 1540 religiose

293 1544 522 1577 observarunt.
560 1546 721 1586 Perpauci
736 1546 891 1578 videntur
913 1547 1163 1588 trisyllaborum
1178 1548 1301 1589 pedum
1315 1558 1414 1580 usum
1436 1549 1472 1580 in
1488 1549 1691 1582 carminibus
1715 1550 1867 1583 iambicis
1891 1550 2064 1584 didacticis

292 1595 379 1627 ultra
392 1597 561 1628 saeculum
574 1597 752 1637 septimum
765 1598 911 1630 medium
923 1599 1118 1638 retinuisse3
1131 1599 1221 1641 quod
1228 1599 1255 1631 si
1269 1600 1402 1640 quando
1415 1600 1606 1640 factumest,
1618 1602 1838 1642 probabiliter
1845 1603 1993 1636 conicias
2004 1612 2064 1636 eos

274 1647 517 1688 -antiquiorum
540 1651 715 1689 poetarum
739 1650 863 1682 scrinia
886 1651 1097 1692 compilasse,
1126 1651 1248 1692 quippe
1271 1652 1306 1683 in
1329 1662 1470 1693 quorum
1492 1653 1688 1694 fragmentis
1714 1656 1766 1686 tot
1787 1654 1939 1687 inessent
1960 1654 2064 1696 pedes

293 1698 465 1739 trisyllabi,
483 1702 519 1732 ut
531 1710 574 1732 ne
586 1701 839 1734 violentissimis
851 1702 987 1743 quidem
1004 1703 1246 1735 mutationibus
1259 1713 1377 1736 omnes
1394 1705 1539 1737 resecari
1552 1707 1584 1737 et
1597 1715 1669 1737 cum
1683 1705 1854 1747 disyllabis
1866 1706 2064 1739 commutari

292 1753 441 1790 possent.
486 1751 538 1783 Ab
566 1752 731 1784 eiusmodi
755 1753 1044 1794 compilatoribus,
1072 1754 1115 1786 ad
1144 1764 1285 1795 quorum
1307 1765 1483 1788 numerum
1509 1756 1618 1797 possit
1641 1757 1806 1798 quispiam
1822 1753 2064 1790 ‘Distichorum

292 1799 530 1835 Parisinorum’
548 1806 581 1836 et
595 1801 1000 1846 utriusque‘Appendicis'
1021 1806 1203 1847 scriptores
1219 1806 1355 1846 referre,
1372 1806 1400 1839 si
1416 1808 1607 1847 recesseris,
1622 1809 1773 1850 plerique
1788 1819 1906 1841 omnes
1922 1809 2064 1842 dodeca-

293 1854 438 1894 syllabos
455 1855 625 1887 trimetros
637 1856 804 1889 finxerunt
820 1857 898 1889 inde
910 1867 930 1889 a
943 1858 1076 1889 saeculo
1089 1858 1233 1898 septimo
1246 1860 1397 1898 exeunte,
1415 1859 1484 1891 sive
1500 1860 1680 1900 legitimam
1691 1861 1856 1893 vocalium
1871 1870 2064 1893 mensuram

292 1915 353 1946 pro
382 1906 508 1938 viribus
544 1917 677 1939 servare
706 1908 904 1940 studuerunt
934 1909 1003 1940 sive
1031 1910 1106 1950 plus
1132 1909 1244 1942 minus
1273 1910 1530 1952 neglexerunv),
1565 1911 1634 1943 sive
1666 1912 1818 1944 accentui
1846 1912 2063 1953 grammatico

293 1959 418 1990 certam
452 1958 486 1990 in
513 1968 630 1991 versus
665 1960 814 1992 clausula
840 1961 955 1992 sedem
982 1961 1203 2002 adsignarunt
1236 1962 1306 1994 sive
1335 1972 1403 1994 non
1431 1962 1691 2004 adsignaruntss),
1725 1964 1795 1995 sive
1829 1964 2015 2005 spondeum
2043 1973 2064 1996 a

293 2009 428 2041 sedibus
451 2010 595 2042 trimetri
616 2011 754 2051 paribus
777 2012 992 2044 excluserunt
1015 2012 1084 2044 sive
1107 2022 1184 2045 raro
1207 2013 1454 2055 admiserunt‘).

443 2061 616 2094 Menandri
646 2064 678 2094 et
705 2062 916 2095 Philistionis
950 2064 1134 2096 certamina
1166 2065 1217 2096 vel
1252 2064 1519 2106 comparationes
1553 2066 1608 2107 qui
1643 2067 1900 2107 componebant,
1928 2067 2063 2100 Ioannis

293 2113 430 2145 Stobaei
452 2113 658 2154 aliorumque
681 2115 876 2155 anthologia
897 2116 1039 2147 moralia
1061 2116 1108 2148 ita
1130 2117 1369 2157 expilaverunt,
1391 2118 1428 2148 ut
1446 2117 1630 2156 Menandri,
1645 2118 1864 2158 Philemonis,
1884 2118 2063 2160 Euripidis,
2090 2154 2093 2162 ¹

292 2164 433 2196 aliorum
455 2175 572 2197 versus
595 2166 696 2197 modo
720 2159 922 2198 intactos'in
947 2177 1042 2198 suum
1066 2177 1163 2199 usum
1187 2170 1430 2207 converterent,
1453 2169 1553 2200 modo
1578 2169 1753 2201 imminuto
1775 2170 1899 2210 pedum
1920 2170 2063 2212 trisylla-

293 2216 412 2248 borum
435 2227 574 2249 numero
597 2219 631 2249 et
652 2218 763 2250 verbis
787 2218 946 2250 audacter
961 2219 1098 2251 mutatis
1122 2219 1156 2251 in
1180 2220 1404 2252 recentiorum
1426 2219 1656 2252 trimetrorum
1678 2221 1898 2254 iambicorum
1919 2221 2063 2254 formam

446 2319 464 2353 ¹)
484 2320 523 2346 Cf.
543 2328 614 2354 quae
633 2321 667 2347 ad
686 2321 734 2348 illa
750 2322 800 2348 τῶν
819 2321 884 2348 ἑπτὰ
904 2323 992 2355 σοφῶν
1009 2318 1208 2356 ἀποφθέγματα
1226 2322 1416 2349 adnotavimus
1434 2322 1463 2349 in
1477 2322 1711 2350 ‘Wochenschrift
1734 2324 1777 2350 fur
1801 2323 1884 2351 klass.
1901 2322 2060 2358 Philolossie'

294 2370 316 2388 Ἰ.
337 2362 403 2388 1886
422 2363 535 2440 P;)¹{{5
543 2372 695 2434 dselciiorum
713 2410 857 2441 poetarum
875 2408 1077 2435 discriminibus
1096 2409 1231 2436 Isidorum
1249 2409 1362 2444 Hilberg
1380 2409 1408 2436 in
1421 2409 1546 2436 ‘Wiener
1565 2408 1684 2438 Studien’
1705 2410 1766 2437 VIII
1784 2418 1810 2445 p.
1828 2410 1877 2438 291
1897 2419 1959 2445 sqq.

446 2450 466 2483 ³)
486 2450 525 2477 Cf.
545 2458 567 2477 e.
587 2459 611 2483 g.
631 2451 795 2478 Guilelmum
812 2452 904 2485 Meyer
928 2452 955 2478 in
970 2451 1234 2486 ‘Sitzungsberichte
1252 2454 1302 2480 der
1319 2453 1350 2480 K.
1368 2453 1464 2487 Bayer.
1482 2453 1568 2481 Akad.
1587 2454 1613 2480 d.
1631 2451 1804 2482 wissenschJ
1833 2454 1969 2481 Monac-hii
1996 2454 2064 2482 1884

294 2499 318 2524 p.
339 2492 406 2517 1020
424 2501 484 2526 sqq.

444 2535 465 2568 ⁴)
486 2536 525 2563 Cf.
544 2545 567 2563 e.
587 2544 610 2569 g.
631 2537 759 2564 Carolum
777 2538 945 2565 Fridericum
963 2538 1076 2566 Mueller
1091 2538 1200 2572 ‘Ignatii
1218 2540 1334 2567 Diaooni
1354 2541 1512 2568 tetrasticha
1531 2539 1588 2568 etc?
1609 2551 1635 2576 p.
1654 2543 1671 2568 9
1689 2549 1730 2576 sq.
