2138 2748
953 256 973 286 9

76 348 286 387 demonstrat
313 357 341 380 e.
364 358 394 388 g.
421 348 741 389 apophthegmatum
764 348 916 381 collectio
939 344 1231 391 Vindobonensis‚'
1254 362 1354 393 quam
1382 363 1422 385 ex
1452 354 1566 386 codice
1590 355 1841 388 Vindobonensi

74 399 219 440 theolog.
243 399 369 432 CXLIX
396 399 561 440 (Nesselii,
584 414 623 427 =
646 400 746 432 XCIII
767 399 947 440 Lambecii)
981 401 1114 433 saeculo
1144 402 1213 434 XIII
1247 406 1389 436 exeunte
1418 405 1542 446 scripto
1575 406 1679 438 edidit
1706 407 1839 439 Curtius

75 450 296 486 Wachsmuth
311 451 346 483 in
363 448 576 484 ‘Festschrift
591 461 648 484 zur
664 451 877 493 Beffrussung
892 451 952 483 der
975 475 982 484 .
996 475 1003 484 .
1017 476 1024 484 .
1036 452 1178 485 XXXVI.
1200 453 1653 498 Philologenversammlung'
1677 458 1839 499 (Friburgi

77 501 172 544 1882)
192 512 225 544 p.
244 502 287 535 24
309 511 398 535 num.
424 503 498 535 130:
521 501 684 535 Φιλιστίων
706 500 723 535 ὁ
741 501 801 534 τῶν
823 502 991 545 κωμῳδιῶν
1011 503 1143 546 ποιητής
1166 501 1312 546 ἀκούσας,
1336 505 1382 538 ὅτι
1402 506 1539 550 τέθνηκε
1554 508 1737 551 Μένανδρος,
1761 510 1839 552 ἔφη·

74 554 185 597 „dimo
207 552 252 586 ὅτι
273 551 424 586 ἀπώλεσά
453 563 511 596 μου
533 552 590 596 τὴν
612 550 759 597 ἀκόνην.“
803 554 918 595 Itaque
945 564 1020 587 cum
1042 555 1252 588 Philistionis
1281 567 1356 590 cum
1378 558 1575 591 Philemone
1603 561 1734 593 confusi
1762 571 1840 593 auc-

71 605 190 640 toritas
223 605 369 638 maxima
401 606 492 637 esset
524 605 612 646 apud
644 605 850 647 posteriores
886 605 1106 647 Byzantinos,
1140 607 1261 640 mirum
1296 618 1364 641 non
1397 612 1465 648 est,
1499 611 1587 652 quod
1616 611 1800 651 ,,Φιλιστίων
1820 609 1838 644 ὁ

73 655 259 700 φιλόσοφος’(
283 659 563 691 commemoratur
586 657 621 691 in
642 657 855 690 Boissonadii
870 657 996 690 Anecd.
1017 657 1132 690 Graec.
1148 658 1175 691 11
1197 669 1227 700 p.
1249 660 1313 692 468
1336 662 1369 692 et
1391 661 1481 701 quod
1503 662 1642 695 aliorum
1665 664 1837 696 hominum

72 709 356 751 apophthegmata
377 716 567 741 non-secus
589 708 632 741 ad
654 707 889 741 Philistionem
918 719 1017 750 quam
1039 710 1082 741 ad
1104 710 1353 753 Menandrum1)
1377 712 1580 746 referuntur:
1602 715 1702 747 veluti
1726 716 1759 747 in
1783 716 1839 748 illa

71 760 390 802 apophthegmatum
413 759 610 793 collectione
633 759 887 792 Vindobonensi
910 760 942 800 (l.
966 770 993 793 c.
1017 770 1107 794 num.
1133 762 1206 804 131)
1230 763 1385 803 legimus:
1413 763 1577 797 Φιλιστίων
1598 765 1777 807 ὲρωηθείς,
1800 767 1838 798 ἐκ

70 812 131 844 τῶν
151 811 348 854 στρογγύλων
380 812 435 843 καὶ
462 811 589 854 μακρῶν
611 810 685 843 ποῖά
711 811 784 844 εἰσιν
813 807 950 854 ἀσφαλῆ,
980 812 1056 854 ἔφη·
1095 812 1153 852 ,,τά
1186 813 1434 856 νεωλκούμεναίζ
1467 816 1557 856 quod
1589 818 1837 859 apophthegma

71 863 252 898 Sti-atanici
286 865 338 896 est
370 863 459 904 apud
485 863 695 896 Athenaeum
723 863 791 895 VIII
823 872 855 904 p.
884 862 1015 905 350b2).
1068 864 1160 903 Quae
1190 865 1218 897 si
1252 866 1467 905 tenuerimus,
1502 868 1746 908 suspicabimur
1778 880 1836 901 eos

70 925 198 955 versus,
213 914 270 956 qui
285 915 337 947 vel
353 914 388 946 in
405 910 692 955 ‘Comparatione'
716 914 768 946 vel
792 914 826 946 in
842 914 962 948 ceteris
976 916 1151 949 Menandri
1174 919 1207 950 et
1222 918 1431 951 Philistionis
1453 920 1695 953 sententiarum
1718 922 1837 954 collec-

70 966 228 1006 tionibus,
251 967 293 1000 de
315 966 434 1008 quibus
458 966 545 999 infra
566 967 692 1007 agetur,
707 965 898 999 Philistioni
919 966 1120 1007 tribuuntur,
1143 971 1221 1009 post
1239 970 1374 1002 Ioannis
1390 970 1527 1003 Stobaei
1549 974 1692 1005 aetatem
1716 974 1838 1014 partim

70 1023 111 1053 en
132 1018 484 1059 Philemonapartim
507 1028 547 1051 ex
568 1017 778 1057 Philistione,
800 1018 923 1058 partim
946 1028 986 1051 ex
1009 1019 1084 1052 aliis
1107 1019 1328 1061 scriptoribus
1351 1021 1519 1055 derivatos
1542 1023 1593 1055 vel
1616 1034 1635 1056 a
1657 1025 1838 1065 poetastris

69 1070 262 1112 Byzantinis
283 1070 378 1103 fictos
402 1068 518 1111 esse’).
563 1069 662 1108 Quod
683 1071 794 1102 autem
816 1069 999 1102 Menander
1021 1072 1055 1103 et
1069 1070 1224 1104 Philistio
1246 1074 1418 1114 tamquam
1441 1075 1608 1107 certantes
1633 1075 1719 1108 inter
1741 1086 1777 1108 se
1801 1077 1835 1108 in

66 1117 345 1163 ‘comparatione'
371 1122 404 1154 et
426 1121 469 1153 ad
490 1120 589 1154 huius
612 1121 800 1162 exemplum
826 1120 862 1153 in
879 1117 1060 1154 ‘Distichis'
1090 1124 1122 1155 et
1144 1122 1180 1155 in
1208 1124 1335 1156 nostris
1353 1120 1615 1165 ‘Appendicibus
1638 1127 1650 1158 1
1673 1129 1706 1159 et
1727 1123 1766 1159 II'
1786 1127 1837 1159 in-

69 1172 299 1211 troducuntur,
333 1172 368 1204 id
390 1171 520 1205 videtur
548 1172 591 1204 ad
619 1172 872 1205 similitudinem
900 1172 970 1206 eius
994 1173 1176 1207 memoriae
1205 1175 1362 1216 antiquae
1391 1175 1515 1209 factum
1543 1187 1628 1216 esse,
1652 1178 1835 1211 secundum

69 1233 170 1266 quam
182 1223 364 1259 Menander
379 1225 412 1256 et
426 1223 580 1256 Philemo
602 1226 721 1265 poetae
738 1223 857 1256 comici
872 1234 943 1256 non
954 1226 1084 1258 tantum
1097 1226 1238 1259 eandem
1251 1227 1423 1268 Glyceram
1435 1228 1611 1261 adamasse
1627 1229 1833 1269 dicebantur,

69 1276 129 1309 sed
145 1275 246 1309 etiam
261 1276 303 1308 de
323 1275 512 1317 principatu
536 1275 569 1308 in
586 1284 710 1308 scaena
732 1275 914 1308 identidem
937 1276 1024 1308 inter
1040 1287 1076 1309 se
1092 1277 1280 1319 certasse⁴)‚
1301 1280 1400 1320 atque
1423 1289 1522 1320 saepe
1538 1281 1622 1312 alter
1638 1290 1713 1313 cum
1728 1282 1835 1314 altero

69 1327 363 1369 comparabantur:
386 1327 426 1360 ct'.
451 1337 478 1359 e.
501 1336 532 1368 g.
554 1326 748 1366 Quintilian.
770 1326 800 1359 X
824 1327 851 1366 1,
875 1325 1148 1368 72:‘Phi1en10n‚
1172 1330 1227 1370 qui
1250 1332 1286 1362 ut
1307 1331 1420 1371 pravis
1444 1332 1493 1364 sui
1517 1332 1678 1374 temporis
1703 1333 1832 1365 iudiciis

67 1379 251 1414 Menandro
267 1389 367 1420 saepe
382 1379 551 1420 praelatus
574 1380 635 1417 est,
658 1378 705 1411 ita
727 1387 896 1411 consensu
917 1381 1031 1412 tamen
1047 1380 1198 1413 omnium
1221 1382 1343 1414 meruit
1365 1382 1455 1415 credi
1479 1380 1664 1422 secundus’;
1687 1385 1832 1417 Demetr.

69 1430 111 1464 de
138 1431 220 1464 eloc.
249 1430 308 1464 193
316 1440 330 1464 :v
351 1429 528 1472 Μένανδρον
556 1425 771 1471 ὑποκρίνονται
799 1429 966 1472 λελυμένον
988 1430 1020 1463 ἐν
1046 1435 1108 1470 τοῖς
1129 1431 1292 1473 πλείστοις,
1315 1432 1480 1476 Φιλήμονα
1508 1433 1536 1465 δ’
1559 1433 1834 1476 ἀναγινώσκουσινς

69 1482 150 1516 Gell.
158 1481 243 1515 XVII
253 1477 530 1521 4.1:‘Menander
541 1491 561 1514 a
571 1481 779 1520 Philemone,
792 1491 1002 1523 nequaquam
1014 1483 1086 1524 pari
1099 1483 1273 1524 scriptore,
1287 1484 1321 1516 in
1334 1485 1572 1518 certaminibus
1585 1486 1834 1520 comoediarum

68 1533 196 1567 ambitu
215 1533 388 1575 gratiaque
410 1535 443 1566 et
466 1532 666 1566 factionibus
690 1543 930 1574 saepenumero
953 1534 1158 1568 vincebatur.
1181 1533 1263 1573 etc.’;
1284 1536 1382 1576 Apul.
1403 1537 1475 1569 flor.
1502 1537 1554 1575 16;
1578 1539 1639 1570 etc.

216 1585 424 1618 Philemonis
441 1587 473 1618 et
488 1584 662 1618 Menandri
683 1585 815 1618 fabulae
836 1585 928 1626 ipsae
949 1587 1027 1627 post
1050 1586 1261 1627 imperatoris
1277 1587 1451 1620 Iustiniani
1474 1590 1625 1629 tempora
1641 1589 1833 1622 hominibus

68 1636 259 1679 Byzantinis
275 1639 332 1670 aut
354 1637 453 1669 nullis
470 1639 570 1670 notae
586 1638 682 1669 erant
696 1638 753 1669 aut
774 1637 992 1679 perpaucis⁶),
1014 1647 1128 1671 verum
1145 1648 1214 1671 non
1231 1648 1337 1680 pauca
1350 1639 1523 1672 Menandri
1530 1640 1554 1681 ⁶)
1578 1643 1612 1672 et
1627 1641 1833 1673 Philemonis

67 1688 202 1723 nomine
221 1689 415 1721 circumlata
431 1698 506 1721 esse
522 1688 683 1729 florilegia
703 1689 945 1721 sententiarum
963 1689 1250 1723 monosticharum
1269 1692 1301 1722 et
1313 1691 1532 1724 disticharum
1546 1701 1620 1724 cum
1632 1692 1697 1724 alia
1709 1692 1831 1725 docent

67 1742 138 1773 tum
158 1739 292 1773 Ioannis
316 1739 454 1772 Stobaei
466 1739 704 1781 anthologium
726 1741 759 1772 et
778 1740 952 1773 Menandri
976 1750 1061 1781 quae
1084 1740 1239 1774 dicuntur
1262 1743 1382 1783 γνῶμαι
1399 1741 1576 1784 μονόστιχοι
1593 1745 1627 1775 et
1645 1744 1830 1776 recentiore

67 1793 228 1832 tempore,
250 1793 429 1833 postquam
451 1791 486 1823 in
514 1791 722 1824 Philemonis
746 1791 855 1824 locum
879 1792 1042 1824 successit
1063 1792 1229 1831 philistio,
1258 1793 1301 1824 ad
1333 1793 1559 1834 antiquiorum
1593 1794 1830 1835 florilegiorum

67 1842 256 1884 exemplum
289 1842 495 1884 compositae
527 1842 663 1875 fictaeve
691 1842 864 1875 Menandri
898 1845 931 1875 et
957 1843 1167 1875 Philistionis
1202 1844 1444 1876 sententiarum
1473 1845 1697 1883 collectiones,
1731 1846 1829 1878 veluti

61 1891 226 1927 ‘Disticha
237 1891 402 1926 Parisina'
418 1893 483 1933 illa,
497 1903 581 1935 quae
593 1893 681 1926 infra
693 1893 839 1932 edemus,
853 1896 886 1926 et
902 1896 1037 1927 nostrae
1054 1890 1280 1935 ‘Appendices
1291 1895 1307 1926 I
1319 1898 1351 1927 et
1363 1893 1412 1935 11'‚
1431 1905 1569 1937 quarum
1587 1897 1669 1929 haec
1681 1899 1761 1935 tota,
1776 1897 1830 1929 illa

218 1996 237 2031 ¹)
256 1997 300 2030 Ita⁴
315 1996 467 2023 sententiae
485 2004 502 2022 a
514 1996 663 2023 Menandro
682 1996 739 2023 fere
757 1996 864 2023 alienae
877 1996 1025 2023 Menandro
1044 1997 1198 2024 tribuuntur
1217 1998 1245 2024 in
1263 1998 1403 2025 codicibus
1417 1998 1548 2032 Syriacis;
1567 1999 1600 2025 cf.
1614 1999 1633 2026 1.
1646 1999 1675 2026 P.
1688 1999 1719 2026 N.
1733 1999 1828 2026 Landii

62 2039 215 2068 'Anecdota
232 2036 348 2075 Syriaca'
369 2039 382 2066 1
399 2047 425 2074 p.
445 2039 495 2066 156
513 2047 583 2073 sqq..
601 2039 722 2066 Eduardi
741 2039 850 2066 Sachau
865 2038 982 2067 ‘Inedita
1001 2038 1116 2074 Syriaca'
1137 2041 1326 2076 (vindobonae
1347 2042 1423 2075 1870)
1442 2050 1468 2076 p.
1487 2042 1510 2068 V
1528 2044 1555 2068 et
1573 2051 1597 2076 p.
1617 2042 1651 2068 80
1668 2051 1729 2076 sqq.

215 2083 238 2118 ²)
273 2083 305 2110 In
321 2083 439 2110 Tzetzae
462 2082 668 2117 Prolegomenis
688 2082 715 2110 in
737 2083 925 2117 Lycophronis
944 2082 1126 2111 Alexandram
1145 2093 1170 2119 p.
1189 2085 1239 2111 ⁶257
1263 2086 1324 2117 (ed.,
1336 2085 1508 2112 Godofredus
1527 2085 1648 2119 Mueller)
1673 2085 1700 2112 hi
1719 2094 1828 2113 enume-

66 2128 160 2155 rantur
178 2134 266 2154 novae
284 2126 444 2154 comoediae
462 2129 574 2161 poetae:
592 2127 751 2160 Μένανδρος,
771 2126 939 2161 Φιλήμων,
957 2127 1131 2154 Φιλιστίων
1148 2130 1194 2154 καί
1213 2130 1318 2162 πλῆθος
1336 2129 1412 2156 πολύ.

218 2170 239 2204 ⁸)
276 2169 391 2197 Paulum
409 2170 492 2197 distat
510 2170 658 2197 Godofredi
676 2170 835 2204 Bernhardy
853 2170 991 2197 sententia
1007 2170 1174 2205 ('Grundriss
1192 2171 1240 2198 der
1259 2172 1447 2206 griechischen
1460 2169 1613 2198 Litteratur'
1633 2172 1656 2198 11
1675 2172 1705 2198 2²
1724 2181 1748 2206 p.
1759 2172 1828 2206 554),

69 2214 115 2249 qui
129 2211 275 2241 'nucleum'
302 2221 397 2240 eorum
414 2221 550 2246 versuum,
575 2214 622 2248 qui
646 2214 675 2240 in
694 2211 922 2248 'Comparatione’
947 2213 1102 2241 Philistioni
1126 2214 1287 2246 tribuuntur.
1307 2223 1362 2242 non
1385 2216 1419 2242 ad
1438 2215 1626 2241 Philemonem
1645 2216 1693 2242 sed
1713 2217 1747 2241 ad
1766 2216 1827 2242 Phi·

65 2257 203 2286 listionem
220 2257 332 2289 rettulit,
350 2257 499 2292 itidemque
518 2257 575 2284 fere
594 2257 696 2284 iudicat
715 2257 822 2285 Curtius
839 2257 1018 2284 Wachsmuth
1033 2257 1121 2285 'Stud.
1141 2266 1164 2285 z.
1182 2259 1207 2285 d.
1227 2259 1328 2292 griech.
1347 2255 1445 2285 Floril?
1465 2267 1490 2292 p.
1512 2259 1567 2285 125.

215 2300 237 2336 ⁴)
257 2300 296 2328 Cf.
315 2309 338 2328 e.
357 2308 382 2335 g.
394 2300 521 2328 Gai-olum
530 2299 629 2328 Benoit
643 2299 733 2328 'Essai
752 2301 905 2335 historique
918 2303 946 2327 et
963 2301 1094 2328 litteraire
1112 2309 1159 2328 sur
1177 2301 1204 2328 la
1216 2302 1339 2328 comedie
1353 2302 1387 2328 de
1397 2299 1548 2328 Menandre*
1565 2302 1645 2335 p.23:
1665 2301 1827 2328 Guilelmum

67 2345 164 2373 Guizot
177 2342 343 2372 ‘Menandre'
364 2353 389 2378 p.
408 2344 436 2375 8;
455 2344 586 2371 Ioannem
604 2344 706 2371 Horkel
720 2343 828 2371 ‘Reden
846 2345 901 2371 und
920 2341 1144 2378 Abhandlungen'
1166 2353 1191 2378 p.
1210 2345 1268 2371 328.

217 2387 237 2422 ⁶)
274 2387 314 2414 Ct'.
333 2395 404 2422 quae
423 2387 515 2415 Const.
534 2387 633 2414 Sathas
652 2388 777 2422 exposuit
795 2388 823 2414 in
842 2386 993 2414 ‘Annuaire
1017 2387 1051 2414 de
1074 2387 1269 2414 I'Association
1292 2396 1362 2422 pour
1386 2388 1638 2422 l'encourngement
1661 2388 1710 2414 des
1730 2388 1825 2414 stude·

71 2439 205 2466 grecques
232 2439 267 2458 en
284 2428 394 2457 France'
419 2430 455 2458 1x
479 2430 600 2464 (Parisiis
621 2431 696 2466 1875)
724 2439 749 2465 p.
771 2432 826 2457 189.
848 2431 905 2457 193.
923 2430 983 2462 204,
1011 2433 1038 2457 et
1065 2431 1231 2457 Richardum
1250 2431 1376 2457 Focister
1399 2429 1445 2457 'de
1464 2430 1671 2464 antiquitatibus
1698 2431 1725 2456 et
1751 2429 1827 2456 libris

65 2482 129 2501 mss.
149 2471 462 2508 Constantinopolitnnis'
484 2473 636 2506 (Rostochii
655 2481 679 2501 a.
700 2474 776 2508 1877)
795 2482 820 2508 p.
839 2475 864 2500 5.
882 2474 924 2501 20.
943 2474 985 2500 29.

216 2517 237 2552 ‘)
256 2517 295 2545 Cf.
314 2517 342 2545 C.
360 2516 460 2544 Benoit
477 2517 494 2544 l.
513 2525 535 2544 c.
554 2525 580 2552 p.
600 2516 649 2543 149
667 2525 709 2552 sq.
