2138 2748
970 252 1055 288 15'

254 349 407 389 Accedit,
430 350 519 391 quod
542 349 577 382 in
606 349 668 390 QP
690 361 719 382 v.
748 350 808 383 105
830 346 879 382 ἀεὶ
906 360 968 391 pro
990 350 1040 382 δεῖ
1059 352 1092 383 et
1118 361 1146 382 v.
1173 352 1214 383 29
1246 351 1282 384 δὲ
1313 362 1375 393 pro
1402 350 1451 385 ἀεὶ
1483 355 1644 396 scriptum
1677 358 1739 394 est,
1773 356 1866 388 cuius

106 400 216 433 mendi
243 400 405 442 originem
438 401 492 443 (cf.
520 400 595 433 AEI
623 403 656 434 et
681 400 763 444 ΔΕΙ)
795 401 925 434 facilius
959 411 998 434 ex
1032 402 1291 436 maius-cularum
1313 405 1364 437 vel
1393 405 1573 439 uncialium
1601 417 1685 448 quae
1708 410 1869 440 vocantur

105 452 290 486 litterarum
313 453 420 485 forma
436 453 629 494 repetiveris
654 463 753 495 quam
768 463 808 486 ex
824 453 1099 492 minuscularum
1123 454 1254 487 illarum
1270 458 1381 488 autem
1396 467 1492 489 usum
1516 458 1550 490 in
1566 459 1681 491 talium
1697 459 1868 498 librorum,

105 504 211 546 qualis
234 501 544 546 est‘Comparatio'‚
567 505 738 538 codicibus
754 514 823 538 non
846 506 933 537 ultra
948 506 1116 538 saeculum
1140 515 1266 538 nonum
1283 507 1428 540 medium
1451 511 1617 542 retentum
1634 521 1709 543 esse
1725 514 1868 544 constat.

103 556 217 597 Itaque
239 555 340 588 etiam
365 556 643 598 palaeographiae
666 557 796 589 ratione
825 556 940 589 habita
962 566 1002 588 eo
1025 557 1230 597 adducimur,
1258 560 1294 591 ut
1323 568 1392 591 non
1418 563 1496 600 post
1525 562 1693 594 saeculum
1715 565 1868 595 octavum

98 603 414 649 ‘Comparationem'
438 608 659 649 compositam
681 618 756 640 esse
779 609 974 640 statuamus.
996 627 1039 631 —

253 667 327 700 Non
360 678 467 710 pauca
496 678 536 701 ex
563 668 628 708 eis,
662 678 746 710 quae
775 668 817 700 de
847 665 1145 709 ‘Comparationis'
1182 669 1410 702 trimetrorum
1440 671 1547 704 forma
1578 672 1679 705 modo
1709 673 1865 712 diximus,

103 719 179 752 ideo
208 719 409 752 dubitationi
438 720 584 752 obnoxia
611 721 697 759 sunt,
733 720 810 761 quia
836 720 871 752 in
905 720 1075 752 codicibus
1102 719 1164 760 QP
1189 721 1335 762 pessime
1363 722 1479 754 habita
1507 725 1558 755 est
1574 719 1867 765 ‘Comparationis'

103 771 274 803 memoria.
317 770 467 804 Licentia
481 773 592 804 autem
608 771 643 803 in
658 771 865 803 admittendo
883 772 1033 813 spondeo
1056 772 1230 804 videbatur
1253 773 1351 805 nobis
1370 783 1410 805 ex
1434 774 1569 806 sedibus
1592 776 1729 816 paribus
1753 786 1866 808 eorum

101 815 329 855 trimet‘rorum
351 822 421 855 fere
444 822 607 855 removeri
630 825 662 855 et
683 833 786 864 posse
809 825 841 855 et
864 823 996 863 debere,
1020 824 1075 865 qui
1097 824 1288 865 trisyllabos
1311 825 1414 866 pedes
1443 835 1517 858 cum
1546 826 1717 868 disyllabis
1745 828 1867 859 mixtos

103 873 286 914 continent,
314 875 413 916 atque
436 875 527 906 certo
551 874 801 907 concedendam
830 884 905 907 esse
934 875 982 907 eis
1010 867 1140 908 tantum
1163 876 1326 915 versibus,
1355 877 1410 918 qui
1442 877 1688 919 dodecasyllabi
1717 880 1804 911 sunt.
1827 897 1869 902 —

101 925 193 958 Intra
215 924 352 958 eosdem
374 925 456 957 fines
480 925 571 958 illam
595 925 821 967 spondeorum
843 926 1013 959 licentiam
1037 926 1071 958 in
1081 923 1374 959 ‘Distichorum
1394 927 1684 961 Parisinorum’
1709 930 1869 962 trimetris

102 977 232 1019 ineptas
248 977 434 1010 sententias
457 986 525 1009 non
542 986 666 1019 paucas
683 977 917 1010 exhibentibus
941 978 1098 1011 cohibere
1121 979 1244 1011 frustra
1259 982 1399 1012 conatus
1423 990 1506 1013 sum.
1549 981 1698 1020 Quorum
1715 982 1868 1014 condicio

103 1038 304 1071 quamquam
325 1037 395 1061 non
420 1030 550 1061 tantum
571 1028 720 1070 pessima
743 1030 794 1061 est
821 1029 856 1061 in
879 1029 1050 1062 codicibus
1078 1029 1144 1069 QP,
1169 1030 1229 1062 sed
1251 1031 1335 1063 adeo
1360 1031 1545 1073 desperata,
1574 1035 1611 1065 ut
1634 1033 1755 1065 menda
1784 1035 1869 1066 tam-

103 1090 203 1123 quam
236 1080 325 1112 ferro
355 1081 388 1113 et
422 1080 488 1121 igni
518 1080 670 1112 sananda
691 1079 876 1120 videantur,
910 1082 1022 1113 tamen
1051 1081 1181 1114 diutina
1213 1082 1430 1115 meditatione
1465 1083 1498 1115 id
1526 1084 1607 1116 mihi
1641 1085 1803 1125 persuasi,
1837 1087 1870 1117 et

102 1133 180 1174 post
196 1126 514 1173 ‘Comparationem’
547 1131 600 1163 vel
634 1131 753 1164 saltem
786 1132 828 1164 ab
862 1132 999 1165 homine
1021 1129 1314 1174 ‘Comparationis'
1350 1135 1548 1176 scriptorem
1581 1136 1736 1168 barbarie
1769 1137 1803 1168 in
1833 1147 1868 1169 rc

102 1183 240 1216 metrica
262 1184 296 1216 et
317 1182 353 1215 in
376 1193 411 1215 re
434 1183 636 1224 prosodiaca
658 1185 837 1225 superante
860 1184 1111 1217 conscribillata
1133 1195 1209 1217 esse
1226 1182 1399 1218 ‘Disticha'
1416 1189 1449 1219 et
1471 1186 1517 1219 ita
1540 1187 1692 1226 formata,
1714 1190 1751 1220 ut
1766 1198 1869 1229 spon-

102 1235 241 1268 deorum
262 1244 343 1267 usus
366 1244 409 1266 ne
431 1234 473 1267 ab
496 1244 612 1267 eorum
635 1235 768 1276 quidem
790 1245 946 1268 versuum
969 1236 1104 1268 sedibus
1127 1237 1234 1269 altera
1255 1239 1288 1269 et
1310 1239 1428 1278 quarta
1449 1238 1693 1279 prohiberetur,
1716 1239 1772 1280 qui
1794 1239 1868 1280 plus

103 1296 203 1329 quam
225 1286 400 1319 duodecim
424 1285 597 1318 continent
621 1287 776 1328 syllabas,
799 1289 898 1329 atque
913 1287 998 1320 adeo
1022 1288 1142 1330 dactyli
1165 1288 1200 1320 in
1223 1288 1288 1320 illis
1305 1289 1441 1322 sedibus
1458 1290 1711 1323 collocarentur.
1755 1291 1868 1323 Inesse

102 1338 201 1380 igitur
222 1337 377 1371 videntur
400 1337 434 1370 in
451 1333 650 1370 ‘Distichis':

253 1398 294 1431 1¹².
317 1397 459 1430 trimetri
488 1398 735 1440 dodecasyllabi
764 1398 799 1431 in
825 1401 1057 1441 paroxytonon
1086 1402 1246 1433 exeuntes
1270 1400 1319 1433 hi:
1347 1402 1377 1433 5.
1401 1401 1430 1433 9.
1457 1402 1505 1433 11.
1531 1402 1569 1434 15
1592 1401 1643 1443 (Ρ).
1675 1402 1714 1433 16
1736 1401 1787 1443 (Ρ).
1820 1403 1868 1434 17.

101 1458 143 1491 23
158 1457 210 1500 (Ρ).
232 1457 284 1491 25.
304 1458 346 1490 29
361 1457 412 1500 (Ρ).
435 1458 486 1490 33.
510 1458 560 1490 35.
576 1458 627 1491 40.
650 1459 702 1491 43.
726 1459 777 1491 50.
800 1458 851 1491 52.
874 1459 926 1491 61.
971 1460 1007 1491 In
1029 1470 1059 1492 v,
1075 1460 1116 1492 35
1139 1462 1172 1492 et
1195 1455 1248 1493 ἐᾶν
1271 1463 1304 1493 et
1326 1451 1462 1503 ἐνδῧσης,
1487 1462 1521 1493 in
1537 1472 1566 1494 v.
1585 1463 1623 1494 15
1647 1472 1715 1494 non
1738 1464 1867 1494 tantum

103 1521 261 1560 στεφᾰνοῖς
283 1518 344 1550 sed
367 1517 468 1551 etiam
491 1518 678 1560 spondeum
700 1518 735 1550 in
759 1520 838 1552 sede
862 1521 989 1560 quarta,
1013 1520 1092 1561 quin
1116 1521 1216 1553 etiam
1239 1521 1274 1553 in
1296 1531 1326 1554 v.
1342 1522 1382 1553 23
1404 1517 1513 1563 νέφῶν,
1537 1522 1571 1554 in
1594 1533 1622 1554 v.
1648 1523 1687 1554 16
1710 1518 1870 1564 στὲφάνοις

101 1579 294 1603 mensuram
323 1569 501 1602 admisisse
529 1570 661 1602 videtur
678 1567 926 1603 ‘Distichorum'
955 1571 1024 1604 sive
1054 1572 1207 1604 redactor
1236 1571 1305 1604 sive
1333 1575 1460 1605 auctor.
1504 1573 1638 1605 Hiatum
1668 1574 1701 1605 in
1730 1583 1869 1606 caesura

103 1620 341 1664 semiquinaria
362 1621 467 1654 habes
490 1632 519 1654 v,
542 1622 562 1654 5
586 1621 784 1664 (γυναῖκα-ἂν
807 1622 874 1665 [?]).

251 1673 291 1706 1¹².
314 1673 457 1706 trimetri
480 1673 726 1715 dodecasyllabi
749 1674 784 1706 in
806 1675 1068 1716 perispomenon
1093 1675 1144 1707 vel
1174 1675 1207 1707 in
1236 1678 1407 1717 oxytonon
1435 1677 1486 1708 vel
1516 1676 1550 1708 in
1573 1679 1867 1718 proparoxytonon

105 1735 265 1766 exeuntes
288 1733 338 1766 hi:
364 1734 412 1765 13.
439 1733 486 1766 141.
510 1733 561 1766 21.
584 1734 635 1766 28.
658 1734 710 1766 41.
733 1734 784 1766 44.
807 1734 858 1766 49.
882 1735 932 1767 56.
956 1735 1007 1767 58.
1051 1736 1241 1768 Mensuram
1265 1732 1444 1779 ἄναισθήτῳ
1468 1739 1500 1769 et
1527 1737 1654 1769 hiatum
1674 1737 1707 1769 in
1731 1747 1869 1769 caesura

104 1785 381 1827 semiseptenaria
402 1780 683 1827 (ἀναισθήτῳ-ὄντι)
707 1785 808 1818 habet
829 1796 858 1818 V.
880 1787 928 1825 14,
952 1786 1079 1819 hiatum
1104 1787 1137 1819 in
1161 1788 1438 1829 semiseptenaria
1462 1787 1676 1830 (θανόντα-οὐ)
1701 1799 1730 1821 ν.
1757 1789 1804 1820 13.

251 1837 288 1869 Π.
311 1836 394 1868 Fere
409 1836 548 1869 dimidia
568 1846 724 1869 versuum
739 1847 818 1878 pars
834 1839 1006 1870 ternarum
1022 1838 1182 1871 denarum
1200 1840 1399 1881 syllabarum
1416 1842 1476 1872 est.
1523 1840 1571 1872 Ex
1595 1840 1648 1872 his
1664 1840 1869 1872 tribrachum

102 1888 138 1921 in
166 1887 280 1920 sedel
308 1887 450 1920 habent:
486 1888 534 1920 18.
558 1888 608 1926 24,
638 1888 672 1919 in
696 1888 736 1920 II:
763 1889 793 1920 2.
816 1889 846 1920 8.
870 1889 910 1920 23
934 1889 984 1931 (Ρ).
1013 1890 1064 1922 51.
1092 1891 1143 1922 54.
1166 1891 1207 1923 62
1241 1890 1309 1932 (ubi
1340 1891 1394 1923 vix
1422 1891 1571 1933 dactylus
1604 1902 1665 1932 pro
1699 1891 1869 1923 tribracho

102 1939 259 1972 ferendus
289 1939 363 1980 est),
398 1938 431 1971 in
455 1939 510 1971 111:
540 1939 568 1971 7.
593 1940 644 1979 34,
678 1939 712 1971 in
735 1940 789 1972 IV:
817 1940 846 1972 3.
871 1941 912 1972 30
935 1940 991 1983 (P);
1025 1941 1189 1982 dactylum
1213 1942 1247 1974 in
1272 1943 1351 1974 sede
1373 1943 1402 1974 I:
1442 1943 1492 1974 36.
1516 1943 1567 1974 45.
1590 1943 1642 1981 57,
1677 1943 1711 1974 in
1734 1943 1788 1974 111:
1818 1943 1869 1974 22.

104 1991 141 2023 31
167 1989 218 2032 (Ρ).
242 1991 292 2022 32.
314 1990 366 2022 47.
390 1990 440 2029 55,
464 1990 499 2022 in
516 1990 557 2022 V:
581 1990 636 2030 533
660 1993 878 2032 anapaestum
903 1991 936 2023 in
961 1992 1040 2024 sede
1063 1992 1090 2024 I:
1112 1993 1143 2032 4,
1167 1993 1200 2025 in
1224 1993 1265 2026 11:
1291 1995 1304 2025 1
1331 1993 1382 2035 (Ρ).
1406 1994 1435 2025 6.
1458 1994 1510 2032 48,
1535 1994 1567 2025 in
1592 1994 1647 2025 IV:
1670 1995 1720 2026 20.
1743 1994 1794 2025 42.
1818 1994 1870 2032 46,

104 2042 138 2074 in
153 2042 195 2074 V:
211 2042 262 2074 38.
306 2041 516 2082 Anapaestus
540 2041 575 2072 in
591 2042 618 2073 V
632 2041 764 2074 videtur
786 2042 897 2074 inesse
914 2043 1014 2075 etiam
1038 2043 1072 2075 in
1088 2054 1117 2076 ν.
1133 2045 1183 2083 26,
1207 2045 1263 2086 qui
1286 2047 1399 2077 tamen
1424 2045 1575 2086 spondeo
1599 2045 1632 2076 in
1657 2045 1735 2077 sede
1752 2047 1870 2086 quarta

105 2102 256 2134 foedatus
280 2103 340 2134 est.
384 2102 575 2134 Mensuram
603 2096 684 2133 πολῦ
709 2102 814 2134 habes
842 2113 871 2134 v.
899 2103 929 2142 8,
957 2101 1062 2146 ψῦχήν
1084 2115 1112 2136 ν.
1135 2105 1175 2136 57
1198 2104 1249 2147 (Ρ),
1273 2101 1377 2137 ἀσπῖδι
1400 2116 1428 2137 v.
1455 2106 1488 2143 2;
1517 2105 1642 2137 hiatum
1670 2105 1704 2136 in
1732 2115 1869 2137 caesura

105 2153 343 2195 semiquinaria
364 2163 393 2185 v.
418 2153 436 2185 7
460 2148 660 2195 (γυναῖκα-ὁ),
683 2156 760 2194 post
782 2154 902 2195 pedem
924 2154 1070 2195 primum
1092 2156 1283 2188 absolutum
1306 2167 1335 2188 v.
1359 2157 1400 2188 32
1424 2156 1475 2198 (Ρ).

254 2204 302 2236 ΙΙΙ.
327 2203 376 2236 Ex
393 2204 451 2243 eis,
475 2204 530 2245 qui
554 2206 790 2245 quaternarum
814 2205 974 2238 denarum
998 2206 1198 2247 syllabarum
1215 2210 1302 2246 sunt,
1326 2208 1531 2239 tribrachum
1556 2207 1589 2238 in
1606 2207 1631 2238 11
1649 2209 1681 2239 ct
1704 2207 1868 2248 dactylum

103 2255 138 2288 in
160 2255 200 2288 III
222 2255 339 2287 habet:
364 2255 412 2295 10,
435 2255 642 2288 tribrachum
666 2256 700 2287 in
723 2256 763 2287 ΙΙΙ
786 2258 818 2288 et
841 2256 1005 2298 dactylum
1030 2257 1063 2289 in
1086 2258 1114 2290 1:
1143 2259 1193 2297 39,
1223 2259 1429 2291 tribrachum
1459 2259 1493 2290 in
1523 2259 1560 2290 ΙΙΙ
1589 2260 1622 2290 et
1650 2261 1868 2299 anapaestum

103 2306 137 2338 in
159 2307 182 2346 I,
206 2306 252 2338 ita
274 2309 397 2346 tamen,
419 2308 456 2339 ut
479 2307 648 2348 spondeus
673 2307 771 2339 simul
795 2310 934 2349 occupet
957 2308 1071 2341 sedem
1095 2312 1261 2350 quartam:
1288 2311 1342 2349 12,
1370 2311 1576 2342 tribrachum
1604 2310 1637 2341 in
1662 2310 1699 2341 ΙΙΙ
1730 2312 1762 2342 ct
1791 2310 1869 2342 dac-

102 2358 204 2400 tylum
227 2358 261 2390 in
284 2358 325 2390 IV
347 2358 395 2399 (ηε
419 2358 459 2390 37
483 2358 538 2400 (Ρ),
561 2358 726 2400 dactylum
750 2359 784 2391 in
807 2360 819 2391 Ι
842 2362 875 2392 ct
897 2359 1062 2401 dactylum
1085 2361 1120 2393 in
1143 2362 1183 2393 IV
1206 2362 1257 2403 (!):
1284 2363 1330 2393 19.

253 2410 302 2441 IV.
327 2409 524 2448 Quindecim
548 2410 692 2451 syllabas
716 2411 949 2452 complectitur
971 2422 998 2443 v.
1023 2412 1074 2451 27,
1098 2413 1191 2444 cuius
1215 2413 1415 2454 syllabarum
1439 2413 1575 2445 schema
1600 2412 1713 2444 nescio
1736 2421 1779 2444 an
1803 2412 1867 2444 hoc

104 2461 216 2494 fuerit:
241 2474 319 2498 -νν,
341 2474 392 2498 ν-,
414 2475 492 2498 -νν,
515 2475 600 2499 νυν,
621 2482 672 2499 --,
696 2476 754 2502 νυ,
790 2463 954 2504 siquidem
994 2463 1103 2496 hiatus
1136 2464 1166 2496 vi
1202 2464 1234 2496 in
1271 2474 1409 2497 caesura
1443 2463 1718 2505 semiseptenaria
1752 2464 1869 2496 ultima

102 2513 253 2546 vocabuli
275 2512 414 2546 θανάτου
437 2513 563 2556 syllaba
585 2513 707 2555 corripi
730 2514 869 2547 videtur.
