2138 2748
411 321 674 355 RICHARDUS
699 322 944 354 COLMARUS
969 323 1299 360 GRUENHAGEN,
1326 323 1382 356 Dr.
1406 323 1441 356 P.
1457 323 1492 357 P.
1515 324 1555 357 E.
1594 324 1790 356 Privatim
1812 325 1838 357 I.
1862 324 2038 358 Historiam

256 375 387 408 silesiae
411 374 548 405 docebit
571 374 603 408 d.
626 374 725 406 Mart.
750 380 783 405 et
799 374 884 406 Ven.
902 374 933 406 11.
953 374 1031 406 VIII
1053 386 1094 407 m.
1138 375 1430 406 Privatissime
1465 382 1503 407 et
1536 377 1666 418 gratis
1694 377 1736 409 Π.
1780 377 2035 410 Exercitationes

256 426 642 466 historico-diplomaticus
666 425 818 456 instituet
842 425 874 457 d.
897 426 1000 458 Merc.
1024 426 1057 458 h.
1079 426 1109 458 11
1130 432 1163 457 et
1183 427 1240 458 ΙΙΙ.

406 475 600 508 IACOBUS
624 476 983 513 FREUDENTHAL,
1026 477 1083 510 Dr.
1111 477 1148 510 P.
1176 477 1213 509 P.
1243 477 1281 509 E.
1337 477 1511 509 Publice
1543 478 1565 511 l.
1616 479 1666 510 De
1698 479 1803 511 Lotzii
1832 479 2036 520 philosophia

257 527 400 558 disseret
423 527 591 559 d.10v.11.
609 527 651 559 V.
700 527 896 558 Privatim
920 529 962 560 II.
991 528 1167 560 Historiam
1183 529 1406 570 philosophiae
1431 530 1573 562 Graecae
1596 530 1764 561 enarrabit
1787 530 1819 564 d.
1834 529 1917 564 Lun.
1935 530 2034 564 Mart.

260 578 362 610 Merc.
387 577 472 609 Ven.
497 578 530 610 h.
557 578 585 608 V

410 620 581 660 VICTOR
603 629 664 660 DE
689 629 901 667 RICHTER
926 630 984 663 Dr.
1008 630 1044 664 P.
1070 631 1102 663 Ι).
1127 630 1165 663 Ε.
1210 631 1424 664 Publicel.
1473 632 1669 674 colloquium
1691 633 1862 665 chemicum
1882 633 2039 666 instituet

256 679 358 710 semel
383 691 442 721 per
466 680 565 712 bebd.
611 680 808 712 Privatim
835 681 872 713 11.
913 681 1071 714 Chemiam
1095 683 1266 714 tec-hnicam
1290 682 1427 714 docebit
1450 683 1502 714 bis
1526 694 1586 724 per
1609 683 1710 715 hebd.

409 731 538 763 HUGO
565 731 765 769 WElSKE
802 732 858 764 Dr.
885 732 917 764 Ι.
942 732 977 765 P.
1002 733 1040 766 E.
1086 733 1254 764 Publice
1285 735 1309 766 Ι.
1354 734 1512 774 Analysin
1542 735 1711 766 chemicam
1739 736 1782 766 ad
1810 736 2038 776 ayricaltaram

251 784 462 823 pertinentem
484 783 596 814 tradet
619 789 652 814 et
675 783 1020 815 demonstrationibus
1043 784 1226 815 illustrabit
1249 784 1280 816 d.
1299 785 1368 817 Sat.
1387 784 1419 816 h.
1438 784 1478 817 X.
1507 785 1764 818 PrivatimIl.
1791 786 1840 818 De
1855 786 2041 819 animalium

255 834 497 865 domesticorum
522 836 669 875 pastione
698 834 842 866 disseret
866 834 901 867 d.
920 835 992 867 Iov.
1016 841 1050 867 et
1075 835 1157 868 ven.
1181 835 1213 868 11.
1232 835 1274 868 X.
1319 835 1375 868 Ill.
1420 837 1674 869 Exercitationes
1701 838 1857 870 chemicas
1884 838 1927 870 ad
1954 838 2039 879 ayri-

257 885 413 916 culturam
431 886 627 926 pertinentes
651 885 880 916 moderabitur
904 886 1084 928 quinquies
1109 897 1169 928 per
1192 886 1293 919 hebd.
1317 886 1350 920 h.
1369 886 1488 920 Il—V.

409 935 668 968 RICHARDUS
692 936 953 973 METZDORF,
981 937 1036 970 Dr.
1052 937 1088 970 P.
1105 937 1140 970 P.
1157 937 1196 970 E.
1226 937 1398 969 Publice
1420 939 1444 971 I.
1472 939 1725 980 Bacterioloyiae
1747 941 1791 971 ad
1812 940 2042 981 agriculturam

257 988 428 1028 spectantis
452 989 557 1028 capita
579 988 693 1019 selecta
717 989 874 1019 tractabit
898 988 928 1020 d.
954 988 1051 1021 Mart.
1076 988 1106 1021 11.
1130 987 1189 1022 IV.
1234 990 1275 1022 11.
1321 990 1615 1022 Demonstrationes
1643 991 1686 1022 ad
1706 991 1833 1023 morbos
1855 991 2040 1024 animalium

257 1039 498 1070 domesticorum
509 1040 703 1080 pertinentes
726 1039 879 1071 instituet
897 1039 927 1072 d.
943 1039 1044 1072 Mero.
1071 1040 1101 1072 11.
1120 1039 1176 1074 lV.
1224 1040 1417 1072 Privatim
1435 1040 1491 1073 ΙΙΙ.
1540 1042 1589 1073 De
1612 1043 1700 1083 equis
1725 1041 1869 1073 disseret
1892 1041 1924 1074 d.
1940 1041 2040 1074 Mart.

256 1089 360 1121 Merc.
386 1089 455 1122 lov.
481 1090 511 1122 11.
535 1089 595 1122 ΙΧ.
644 1090 934 1123 Privatissime
968 1091 1027 1124 IV.
1077 1092 1116 1122 In
1145 1091 1336 1124 laboratorio
1364 1093 1501 1124 instituti
1528 1094 1714 1124 veterinarii
1741 1103 1879 1135 operam
1907 1092 2039 1125 daturis

258 1140 366 1172 aderit
381 1141 440 1172 bis
464 1151 525 1183 per
547 1141 648 1174 hebd.
673 1141 705 1174 h.
729 1142 795 1174 def.

410 1191 649 1224 SIGFRIDUS
675 1192 1040 1230 FRIEDLAENDER,
1068 1194 1123 1225 Dr.
1150 1195 1186 1226 P.
1214 1194 1249 1226 P.
1277 1194 1316 1227 E.
1361 1195 1535 1226 Publice
1559 1196 1583 1226 Ι.
1621 1197 1671 1228 De
1698 1197 1926 1237 compositione
1947 1196 2040 1228 lactis

258 1244 387 1284 eiusque
409 1244 535 1284 analysi
556 1245 695 1276 chemica
718 1244 862 1276 disseret
885 1245 916 1276 d.
941 1245 1043 1278 Merc.
1067 1245 1099 1278 h.
1123 1247 1165 1278 X.
1210 1245 1408 1277 Privatim
1444 1247 1485 1277 II.
1527 1247 1767 1287 Technoloyiam
1789 1248 1882 1279 lactis
1904 1246 2043 1279 docebit

259 1294 291 1326 d.
314 1294 397 1326 Lun.
423 1301 456 1326 et
478 1295 576 1328 Mart.
601 1296 634 1329 11.
657 1295 700 1327 Χ.

409 1346 680 1379 FRIDERICUS
710 1347 1034 1390 HOLDEFLEISS,
1060 1348 1117 1381 Dr.
1145 1348 1181 1381 P.
1204 1348 1240 1381 P.
1263 1348 1303 1381 Ε.
1354 1348 1530 1380 Publice
1553 1350 1577 1382 I.
1617 1350 1806 1382 Doctrinam
1827 1351 1876 1382 rei
1897 1351 2042 1385 animine

259 1398 417 1429 tractabit
440 1397 472 1430 d.
487 1398 558 1430 Iov.
575 1397 607 1429 h.
626 1398 684 1431 XI.
705 1398 908 1431 Privatim
923 1400 963 1431 11.
987 1401 1160 1432 Doctrinae
1183 1401 1398 1440 agriculturae
1415 1405 1543 1442 partem
1567 1401 1735 1442 specialem
1758 1401 1895 1434 docebit
1910 1401 1943 1435 d.
1955 1400 2041 1434 Ven.

258 1448 291 1482 11,
313 1449 361 1480 IX
387 1455 419 1480 et
441 1449 473 1481 d.
495 1450 564 1481 Sat.
590 1449 622 1482 11.
644 1450 694 1481 IX
717 1456 750 1481 et
773 1450 832 1483 XI.
875 1451 933 1483 ΙΙΙ.
980 1451 1139 1483 Chemiam
1162 1452 1376 1492 ayricultarae
1398 1451 1511 1483 tradet
1538 1451 1568 1483 d.
1587 1452 1668 1485 Lun.
1693 1452 1726 1485 11.
1743 1453 1820 1485 VIII
1843 1458 1878 1484 et
1896 1453 1957 1488 [x.

413 1499 659 1532 CONRADUS
683 1501 881 1537 ZACHER.
912 1502 969 1534 Dr.
996 1502 1033 1534 P.
1058 1502 1093 1533 P.
1123 1502 1161 1535 E.
1206 1503 1404 1535 Privatim
1426 1504 1451 1535 I.
1501 1504 1549 1535 De
1575 1503 1717 1536 Graecae
1745 1505 1872 1545 linquae
1899 1505 2043 1539 dialectis

260 1551 404 1582 disseret
428 1551 458 1584 d.
484 1552 580 1585 Mart.
603 1553 675 1584 Iov.
701 1552 784 1584 Veu.
808 1553 840 1584 h.
867 1553 956 1585 VIII.
1000 1553 1291 1585 Privatissime
1322 1559 1360 1585 et
1383 1554 1512 1596 gratis
1535 1554 1575 1586 ΙΙ.
1620 1556 1874 1587 Exercitationes
1895 1556 2044 1588 metricas

259 1603 413 1634 instituet
436 1603 523 1634 binis
547 1614 607 1645 per
630 1603 730 1636 hebd.
755 1604 787 1637 h.
813 1604 879 1637 def.

408 1654 686 1687 LEONARDUS
712 1654 895 1692 WEBER,
936 1656 990 1688 Dr.
1019 1655 1055 1688 P.
1085 1656 1121 1688 P.
1152 1656 1189 1688 E.
1242 1656 1416 1688 Publice
1440 1658 1465 1690 I.
1517 1658 1760 1698 Meteoroloyiae
1788 1659 1895 1700 capita
1923 1658 2040 1692 selecta

261 1710 408 1748 exponet
431 1706 462 1738 d.
482 1706 551 1738 Sat.
567 1706 599 1739 h.
616 1706 674 1738 IX.
698 1707 900 1738 Privatim
915 1708 956 1740 Π.
979 1708 1202 1749 Apparatuam
1225 1711 1254 1739 et
1275 1709 1569 1748 instrumentorum,
1592 1709 1706 1750 quibus
1725 1710 1867 1750 physicis
1881 1710 2043 1752 ‘utendum

259 1762 314 1799 est,
338 1759 493 1789 rationem
516 1757 761 1789 demonstrabit
777 1758 808 1791 d.
825 1758 924 1791 Mart.
941 1758 1043 1790 Merc.
1065 1760 1139 1791 Iov.
1158 1758 1241 1790 Ven.
1259 1758 1290 1790 h.
1314 1758 1374 1791 IX.
1403 1759 1692 1791 Privatissime
1707 1761 1764 1793 ΙΙΙ.
1795 1761 2041 1801 Quaestionibus

255 1809 397 1850 physicis
420 1810 543 1840 selectis
566 1820 703 1851 operam
727 1809 856 1841 daturis
880 1809 988 1841 aderit
1015 1810 1168 1852 quotidie
1195 1810 1227 1841 in
1255 1809 1463 1842 laboratorio
1487 1810 1642 1854 physico.

410 1860 466 1891 AL
469 1860 648 1892 FREDUS
684 1860 1024 1898 HILLEBRANDT,
1058 1861 1115 1894 Dr.
1144 1861 1180 1894 P.
1210 1861 1245 1894 P.
1274 1861 1314 1893 Ε.
1370 1861 1544 1893 Publice
1577 1863 1602 1894 I.
1662 1862 1806 1894 Calidasi
1837 1862 2044 1897 Sacantalam

242 1911 534 1953 ,interpretabitur
557 1912 588 1942 d
613 1912 696 1943 Ι11111.
712 1912 812 1945 Mart.
827 1914 898 1944 Iov.
916 1912 947 1944 11
964 1912 1006 1944 V.
1058 1912 1255 1944 Privatim
1279 1913 1319 1944 11.
1364 1913 1528 1945 Elementa
1551 1914 1678 1962 linquae
1696 1913 1881 1947 Sanscritae
1904 1913 2044 1958 docebit

261 1962 292 1993 d.
315 1961 399 1994 Lun.
423 1962 521 1995 Mart.
546 1963 615 1995 lov.
640 1963 672 1996 h.
696 1963 755 1995 VI.

411 2013 623 2046 OSKARUS
641 2014 880 2052 ERDMANN,
908 2015 963 2048 Dr.
984 2015 1020 2048 P.
1043 2015 1078 2046 P.
1102 2016 1140 2048 E.
1185 2015 1357 2046 Publice
1379 2016 1404 2047 Ι.
1444 2016 1494 2048 De
1519 2015 1644 2048 Goethii
1666 2015 1861 2048 carminibus
1883 2017 1992 2058 lyricis
2013 2021 2044 2050 et

260 2066 471 2106 epico-lyricis
497 2065 640 2096 disseret
663 2076 724 2097 nec
747 2077 830 2102 non,
867 2077 935 2108 qua
963 2066 1094 2098 ratione
1127 2077 1166 2097 ea
1196 2068 1342 2098 carmina
1371 2067 1405 2097 in
1434 2066 1563 2098 scholis
1586 2067 1763 2098 tractanda
1786 2067 1863 2110 sint,
1897 2068 2044 2100 breviter

261 2121 408 2157 exponet
431 2117 462 2148 d.
483 2117 584 2149 Mero.
609 2122 642 2148 et
666 2117 750 2150 Ven.
774 2117 806 2148 h.
834 2117 873 2150 V.
918 2118 1118 2149 Privatim
1146 2119 1188 2150 H.
1232 2119 1397 2150 Elementa
1418 2119 1545 2159 linquae
1570 2119 1764 2151 Theodiscae
1785 2119 1905 2151 saeculi
1925 2120 1995 2152 XII
2014 2123 2045 2152 ei
2077 2146 2080 2154 .

259 2168 343 2199 XIII
365 2168 510 2209 docebit,
534 2170 680 2200 carmina
701 2170 841 2200 eiusdem
864 2170 1014 2209 temporis
1037 2170 1150 2201 selecta
1173 2169 1448 2211 interpretabitur
1470 2168 1526 2200 vel
1547 2169 1801 2211 interpretanda
1816 2175 1987 2212 proponet
2009 2170 2042 2204 d.

260 2219 359 2251 Mart.
384 2224 416 2250 et
438 2219 524 2250 Ven.
550 2218 580 2251 11.
598 2220 654 2259 ΙΙΙ,
679 2219 710 2251 d.
734 2219 838 2251 Merc.
863 2220 895 2252 h.
918 2221 966 2252 111
989 2226 1022 2251 et
1044 2220 1102 2252 1V.

411 2270 655 2302 AUGUSTUS
679 2270 992 2310 SCHMARSOW,
1026 2272 1084 2303 Dr.
1108 2271 1143 2303 P.
1169 2271 1203 2304 P.
1229 2271 1266 2304 E.
1312 2271 1489 2303 Publice
1517 2273 1541 2303 Ι.
1589 2274 1844 2304 Emercitationcs
1866 2274 2042 2314 exeqeticas

259 2322 412 2353 instituet
436 2322 522 2352 binis
539 2322 677 2353 scholis.
712 2321 907 2353 Privatim
935 2323 974 2355 11.
1019 2323 1146 2355 Artium
1163 2325 1375 2364 plasticaram
1403 2325 1488 2364 apud
1519 2324 1697 2356 Germanos
1726 2324 1918 2366 temporibus
1946 2325 2043 2356 medii

260 2374 330 2405 aevi
343 2375 528 2413 florentiam
550 2374 714 2405 historiam
731 2373 950 2405 adumbrabit
973 2379 1024 2405 ter
1046 2385 1106 2416 per
1130 2374 1231 2406 hebd.
1276 2375 1567 2406 Privatissime
1591 2380 1631 2407 et
1653 2376 1786 2418 gratis
1809 2375 1865 2408 ΙΙΙ.
1909 2375 2042 2408 Exerci-

260 2426 394 2456 tationes
422 2425 619 2456 Vasarianas
643 2424 740 2456 offert
763 2425 1014 2458 eruditioribus,
