2138 2748
1051 226 1092 278 25

183 345 314 377 maliem
335 345 578 378 domesticos-am
594 347 744 387 pastione
767 345 911 379 disseret
933 347 966 380 d.
988 348 1058 380 Iov.
1083 354 1117 380 et
1130 347 1213 381 Ven.
1238 348 1270 381 h.
1294 348 1336 381 X.
1371 349 1428 383 111.
1459 350 1712 383 Eoeorciwtioms
1734 351 1889 385 chemicas
1911 354 1957 385 ad

183 396 412 438 ayriculturam
428 396 624 438 pertinentes
646 396 876 429 moderabitur
898 398 1078 441 quinquies
1102 410 1162 441 per
1183 399 1284 432 hebd.
1308 400 1341 432 h.
1365 400 1482 434 H—V.

334 459 592 493 RICHARDUS
615 460 876 499 METZDORF,
896 462 951 495 Dr.
968 462 1004 495 P.
1020 462 1055 496 P.
1071 463 1111 496 E.
1135 463 1307 496 Publice
1322 465 1347 497 I.
1374 465 1666 499 Demonstrationes
1681 467 1724 498 ad
1737 466 1865 500 morbo·
1885 469 1954 500 ani-

182 510 312 544 malium
333 512 575 544 domesticorum
593 513 788 554 pertinenter
810 513 963 545 instituet
987 513 1018 547 d.
1042 514 1145 546 Mero.
1169 514 1201 547 h.
1224 514 1285 549 IV.
1329 514 1523 548 Privatim
1545 517 1586 549 11.
1629 517 1678 549 De
1699 518 1789 559 equis
1811 516 1955 550 disseret

185 560 218 594 d.
240 560 341 595 Mart.
363 561 467 594 Merc.
490 562 562 595 Iov.
586 561 618 593 h.
642 561 701 595 IX.
746 563 803 596 111.
847 565 1010 605 Hyyienen
1032 566 1215 598 animalium
1238 567 1478 599 domesticorum
1502 567 1639 599 docebit
1661 567 1695 601 d.
1718 568 1816 601 Mart.
1838 567 1871 600 h.
1895 566 1955 601 IV.

183 611 472 645 Privatissime
486 612 546 646 IV.
569 614 608 645 In
621 613 812 647 laboratorio
828 616 963 647 instituti
978 617 1162 648 veterinarii
1177 627 1312 660 operam
1327 617 1455 649 daturis
1468 618 1576 650 aderit
1588 618 1640 651 bis
1653 629 1713 661 per
1725 618 1826 652 hebd.
1839 619 1872 652 h.
1886 619 1953 653 des.

283 719 294 723 -
333 675 572 711 SIGFRIDUS
595 675 962 716 FRIEDLAENDER.
987 679 1044 711 Dr.
1068 679 1104 711 P.
1128 679 1163 712 P.
1187 680 1226 714 E.
1271 681 1445 714 Publice
1468 683 1493 714 Ι.
1539 683 1587 715 De
1611 684 1835 725 compositione
1863 684 1954 717 laeua

181 737 320 812 auriag?
333 729 621 813 αέἑαξχαῗησὴῖηἱξὲ
642 727 785 761 disseret
808 728 840 761 d.
863 729 966 763 Merc.
991 730 1024 764 h
1046 731 1088 764 X.
1132 730 1330 764 Privatim
1354 733 1395 765 11.
1442 734 1680 776 Technoloyiam
1703 734 1794 767 lactis
1817 734 1954 767 docebit

330 843 602 877 FRIDERICUS
630 844 954 887 HOLDEFLEISS‚
978 845 1036 879 Dr.
1063 846 1100 879 P.
1122 846 1159 879 P.
1181 846 1222 880 E.
1266 847 1440 879 Publice
1463 849 1487 880 I.
1532 849 1719 881 Docti-inam
1741 850 1790 881 rei
1811 851 1954 883 onias-iae

179 893 292 928 tradet
314 894 346 928 d.
361 895 434 930 Iov.
455 895 489 928 h.
506 894 565 927 XI.
598 895 799 928 Privatim
820 897 862 928 H.
896 898 1069 930 Doctrinae
1091 899 1304 939 ayricutturae
1322 902 1448 940 partem
1470 900 1638 941 specialem
1661 899 1797 932 docebit
1820 900 1852 933 d.
1869 900 1951 934 Ven.

179 945 214 979 11.
235 947 285 979 IX
308 950 342 978 et
365 945 396 979 d.
421 945 491 979 Sat.
514 946 547 980 h.
571 946 620 978 IX
645 951 678 978 et
700 947 759 980 XI.
805 948 861 980 111.
909 948 1067 980 Chemiam
1096 949 1309 989 ayt-{culturae
1336 950 1495 982 tractabit
1517 949 1550 982 d.
1573 950 1656 983 Lun.
1680 950 1712 982 h.
1731 950 1810 983 VIII
1834 956 1867 983 et
1889 951 1949 986 IX.

333 1009 580 1043 CONRADUS
603 1010 802 1047 ZACHER,
836 1011 894 1044 Dr.
918 1011 954 1045 P.
978 1012 1012 1043 P.
1038 1012 1077 1044 E.
1122 1012 1295 1044 Publice
1318 1014 1342 1045 L
1387 1013 1532 1046 Sallustii
1567 1014 1736 1047 Catilinam
1769 1015 1952 1057 explicabit

180 1061 268 1145 bripli's
287 1061 488 1145 lpezfiilebd.
516 1061 550 1095 h.
574 1061 639 1095 def.
698 1062 895 1094 Privatim
929 1063 969 1095 ΙΙ.
1029 1064 1174 1095 Platoni-5
1201 1065 1377 1096 convivium
1405 1064 1681 1107 interpretabitur
1703 1065 1735 1098 d.
1759 1066 1857 1100 Mart.
1879 1067 1950 1099 Iov.

327 1175 606 1210 LEONARDUS
623 1176 802 1214 WEBER,
831 1177 886 1210 Dr.
901 1177 938 1210 P.
954 1177 990 1210 P.
1007 1177 1045 1211 E.
1083 1178 1256 1210 Publice
1274 1180 1298 1212 Ι.
1333 1180 1558 1211 Menam-amm
1569 1180 1780 1221 phy-vicetiam
1794 1182 1950 1214 annatim

179 1229 334 1261 rationem
367 1233 515 1271 exponet
543 1228 576 1261 d.
603 1228 687 1262 Lun.
717 1228 749 1261 h.
778 1228 839 1261 IX.
883 1228 1080 1260 Privatim
1111 1230 1152 1262 II.
1197 1230 1418 1272 Apparatuam
1453 1234 1482 1262 et
1513 1232 1804 1273 instrumentorum,
1838 1233 1950 1275 quibus

177 1279 320 1322 physicis
335 1280 485 1312 utendum
501 1283 558 1320 est,
573 1280 729 1312 rationem
745 1279 989 1312 demonstrabit
1006 1280 1037 1312 d.
1050 1280 1148 1313 Mart.
1161 1281 1263 1314 Merc.
1276 1282 1435 1314 Iov.Ven.
1451 1280 1484 1314 h.
1496 1282 1555 1314 IX.
1589 1281 1878 1315 Privatissime
1892 1285 1948 1317 111.

184 1329 429 1372 Quaestionibus
446 1330 590 1372 physicis
613 1330 736 1363 selectis
760 1341 896 1374 operam
919 1331 1047 1363 daturis
1072 1330 1179 1363 aderit
1202 1331 1355 1375 quotidie
1377 1333 1410 1363 in
1435 1332 1642 1364 laboratorio
1665 1333 1820 1377 physico.

330 1393 536 1426 OSCARUS
569 1393 810 1432 ERDMANN,
847 1395 903 1428 Dr.
931 1394 966 1428 P.
995 1394 1031 1426 P.
1060 1396 1098 1428 E.
1148 1395 1357 1427 Privatim.
1401 1397 1565 1429 Elementa
1598 1398 1723 1438 linquae
1758 1398 1950 1432 mod-‘scae

179 1445 299 1478 saeculi
320 1445 389 1478 XII
414 1449 443 1477 et
463 1445 550 1478 XIII
570 1444 721 1488 docebit,
750 1447 989 1479 exercitationes
1016 1447 1050 1478 in
1072 1448 1318 1488 interpretandis
1341 1447 1535 1479 carminibus
1559 1449 1697 1480 eiusdem
1719 1451 1870 1491 temporis
1899 1450 1947 1482 in-

180 1495 297 1528 stituet
321 1495 352 1530 d.
375 1495 474 1529 Mart.
500 1501 532 1528 et
549 1495 632 1528 Ven.
656 1496 689 1528 h.
713 1497 770 1534 ΙΠ,
795 1496 828 1530 (1.
850 1497 954 1530 Mero.
977 1497 1010 1530 h.
1033 1497 1079 1529 111
1104 1502 1136 1529 et
1158 1497 1216 1530 IV.

326 1559 570 1593 AUGUSTUS
594 1560 899 1600 SCHMARSOW,
923 1561 981 1593 Dr.
1004 1561 1039 1593 P.
1063 1561 1098 1594 P.
1123 1562 1161 1594 E.
1196 1561 1371 1594 Publice
1394 1563 1418 1594 Ι.
1459 1563 1631 1604 Raphaelie
1658 1563 1820 1596 Urbinatie
1843 1575 1946 1607 opera

177 1611 363 1644 illustrabit
385 1611 418 1645 d.
440 1611 543 1643 Mero.
562 1616 595 1644 et
611 1612 680 1644 Sat.
704 1611 737 1645 h.
753 1611 828 1645 XII.
863 1612 1057 1644 Privatim
1074 1612 1114 1646 11.
1145 1614 1309 1645 Historiae
1331 1614 1447 1646 artium
1465 1614 1676 1654 pta-sticarum
1698 1615 1772 1647 inde
1793 1615 1833 1648 ab
1856 1617 1946 1648 initio

175 1664 272 1697 medio·
293 1664 365 1696 aevi
381 1664 534 1705 periodos
563 1662 776 1696 adumbrabit
804 1664 891 1695 binis
915 1675 947 1706 p.
972 1664 1003 1695 h.
1028 1663 1155 1695 scholis
1179 1664 1211 1697 h.
1235 1664 1301 1697 def.
1345 1663 1634 1696 Privatissime
1664 1670 1703 1696 et
1726 1664 1865 1698 Gratis
1888 1666 1946 1699 111.

119 1739 123 1742 -
175 1716 216 1749 In
231 1715 404 1748 seminario
419 1715 633 1756 repetitor-ium
645 1715 796 1747 historiae
807 1716 924 1748 artium
940 1715 1092 1747 instituet
1107 1715 1444 1756 exercitationibusque
1455 1716 1663 1747 eruditiorum
1675 1716 1819 1757 praeerit
1832 1715 1865 1750 b.
1878 1715 1945 1750 des.

326 1777 594 1810 SIGMUNDUS
629 1778 889 1816 FRAENKEL.
923 1779 981 1812 Dr.
1010 1781 1046 1812 P.
1075 1779 1110 1813 P.
1140 1779 1179 1812 E.
1234 1779 1405 1811 Publice
1431 1780 1456 1811 1.
1507 1780 1760 1812 Exercitationes
1786 1781 1945 1814 Arabicae

174 1829 405 1863 moderabitur
428 1829 460 1861 d.
483 1829 583 1862 Mart.
606 1829 638 1861 h.
652 1829 726 1862 VH.
770 1830 968 1862 Privatim
991 1831 1032 1863 H.
1068 1831 1239 1871 Roediyeri
1259 1830 1530 1863 chrestomathiam
1554 1830 1718 1871 Syriacam
1746 1831 1944 1873 interpreta-

173 1881 266 1914 bitur
288 1880 320 1914 d.
343 1880 428 1914 Lun.
452 1885 485 1912 et
506 1881 577 1914 Iov.
601 1881 633 1914 h.
650 1880 720 1914 VH.
764 1881 821 1914 111.
869 1881 956 1923 Opus
979 1882 1134 1914 al-Kdmit
1156 1882 1194 1913 ab
1218 1881 1440 1914 az-Mubao-rad
1462 1882 1674 1923 conscriptum
1703 1881 1889 1924 explicabit
1910 1881 1943 1914 d.

174 1933 279 1966 Merc.
303 1936 336 1964 et
349 1931 433 1964 Ven.
457 1932 490 1965 h.
504 1932 576 1966 VII.

296 1998 298 2001 '
326 1991 532 2024 CAROLUS
555 1991 738 2029 HINTZE,
762 1992 820 2025 Dr.
836 1992 872 2025 P.
887 1994 924 2026 P.
940 1992 979 2025 E.
1017 1992 1187 2024 Publice
1203 1993 1227 2025 Ι.
1261 1992 1300 2023 In
1322 1992 1572 2032 crystallopticen
1595 1991 1786 2024 introducet
1809 1992 1842 2024 d.
1855 1992 1940 2025 Ven.

173 2042 207 2076 h.
230 2042 306 2076 XII.
349 2044 390 2076 H.
434 2045 653 2076 Eaeoursiones
674 2044 852 2086 ,qeoloyicas
874 2044 1028 2076 instituet
1050 2044 1170 2075 diebus
1194 2043 1402 2075 definiendis.
1446 2041 1643 2074 Privatim
1665 2044 1723 2076 HL
1772 2043 1941 2084 eryman-

170 2094 340 2138 9raphiam
363 2094 500 2126 docebit
522 2094 554 2127 d.
577 2094 676 2127 Mart.
699 2095 803 2128 Mero.
825 2095 896 2128 Iov.
920 2095 952 2128 h.
976 2094 1051 2128 XII.
1086 2095 1139 2127 1v.
1169 2093 1429 2136 Petroyraphiam
1453 2093 1609 2125 tractabit
1632 2093 1663 2125 d.
1687 2093 1786 2127 Mart.
1810 2099 1844 2126 et
1867 2094 1936 2128 Iov.

171 2144 206 2178 11.
228 2144 288 2178 IV.
332 2145 615 2177 Privatissime
640 2145 680 2178 V.
725 2146 764 2178 In
791 2146 984 2178 laboratorio
1005 2147 1228 2187 mineraloyico
1252 2155 1386 2188 operam
1411 2144 1539 2176 daturis
1562 2144 1670 2176 aderit
1693 2144 1855 2188 quotidie.

322 2203 553 2237 HENRJCUS
579 2204 771 2246 GRAETZ,
795 2204 852 2237 Dr.
874 2205 909 2237 P.
933 2205 968 2238 P.
992 2205 1070 2238 hon.
1115 2205 1324 2237 Privatim.
1368 2205 1498 2237 Librum
1521 2204 1580 2237 Job
1604 2206 1710 2237 critice
1739 2205 1938 2248 interpret·-

172 2255 264 2288 bitur
286 2255 338 2287 bis
361 2266 423 2298 per
444 2255 545 2287 hebd.
570 2255 600 2287 d.
624 2255 707 2288 Lun.
732 2260 766 2288 et
787 2255 890 2288 Mero.
915 2255 947 2287 11.
971 2256 1045 2289 XII.

321 2315 457 2347 FELIX
477 2315 736 2352 BOBERTAG,
768 2315 827 2348 Dr.
872 2315 1023 2348 Gratis,
1069 2315 1190 2348 Selecta
1213 2315 1356 2348 Sckilleri
1378 2316 1522 2347 carmina
1546 2313 1728 2356 explicabit
1750 2315 1853 2347 semel
1877 2326 1935 2358 per

171 2365 273 2399 hebd.
296 2366 329 2399 h.
354 2366 420 2400 def.

320 2430 453 2463 FELIX
475 2431 733 2468 AUERBACH,
756 2431 814 2464 Dr.
859 2431 1066 2464 Privatim.
1108 2431 1273 2463 Theoi-iam
1295 2430 1505 2462 electricitatis
1527 2434 1556 2462 et
1577 2430 1775 2470 maynetismi
1797 2429 1935 2461 docebit

170 2487 223 2514 ter
243 2481 299 2514 vel
323 2486 443 2525 quater
465 2493 525 2525 per
549 2482 649 2515 hebd.
675 2482 707 2515 h.
732 2481 798 2516 def.

1719 2541 1734 2566 4
