2138 2748
709 231 742 258 A.
764 230 911 259 GELLII
925 230 1004 258 LIB.
1024 231 1056 258 I..
1070 231 1152 258 CAP.
1172 231 1274 259 XXII.
1843 233 1881 265 17

104 321 223 350 veteres
246 318 386 348 habuerit
407 318 502 349 libros
524 318 638 349 neseio.
673 319 816 349 iudicium
839 318 867 348 ei
890 318 1025 349 defuisse
1052 320 1155 356 potius
1185 330 1273 358 quam
1297 320 1495 359 superfuisse,
1518 321 1550 350 id
1572 322 1653 350 certe
1677 322 1751 351 seio.
1785 322 1881 351 nostri

104 362 173 392 libri
206 361 311 400 optimi
344 370 446 391 veram
480 361 657 399 scripturam
679 362 823 392 retinent:
857 370 957 399 neque
990 362 1071 391 illam
1105 362 1214 392 Faerni
1248 364 1277 393 in
1311 363 1445 393 vllodum
1478 364 1682 402 manuscripto
1717 364 1881 402 exemplari

103 404 235 445 repperi.
269 404 307 434 de
329 404 456 442 reliquis
479 404 626 434 similibus
649 404 730 443 apud
746 404 906 434 Gaesarem
929 404 1012 443 alibi,
1036 404 1061 433 ἀ
1084 405 1165 443 apud
1188 409 1323 436 nostrum
1351 406 1487 436 inferius.
1526 406 1575 436 hio
1602 410 1702 437 antem
1731 407 1821 437 etiam
1849 407 1881 437 in

103 447 283 477 membranis
317 446 498 484 quibusdam
531 446 620 477 huius
653 448 750 486 ipsius
778 446 940 478 locutionis
962 447 1151 485 ignoratione
1173 451 1330 486 peceatum
1353 452 1429 488 erat,
1465 449 1490 478 ἀ
1513 450 1716 487 scribebatur3
1748 459 1880 488 maynam

102 489 247 520 uoluerunt
265 493 377 528 partem
400 497 559 528 superesse.

245 539 498 613 dSuperuaear-effl
522 542 600 571 male
633 544 681 572 est
714 541 744 571 in
778 541 997 579 antiquissimis
1026 542 1226 581 editionibus3
1263 551 1486 582 superuacuare.
1532 543 1615 581 quod
1647 544 1786 574 Latinum
1819 553 1880 575 non

103 591 171 614 esse
193 592 242 614 ere
267 592 295 614 ο.

255 633 343 664 Serus
365 635 466 674 vehat]
511 644 600 673 serus,
626 634 712 665 deest
735 634 853 664 duobus
876 635 961 665 libris
982 635 1109 665 Puteani
1131 635 1156 665 &
1179 636 1398 674 antiquissimis
1414 637 1552 667 omnibns
1569 637 1763 669 editionibus.
1800 638 1881 677 apud
1899 643 1914 673 5
1933 640 1951 667 4

103 677 181 708 alios
203 679 303 707 tamen
326 677 451 715 Satyrae
474 678 679 709 Varronianae
701 678 819 707 titulum
841 678 883 707 ita
906 680 1084 716 conceptum
1106 679 1244 710 inuenio:
1268 679 1368 708 Nescis
1391 679 1459 718 quid
1480 688 1560 709 serus
1583 689 1683 719 vesper
1704 681 1795 712 vehat.

255 729 446 767 ivuempestiue
460 729 575 767 fuisse]
620 737 680 759 non
703 731 784 759 reete
808 729 884 759 alter
904 729 1048 768 Puteani3
1070 731 1215 768 impestiue
1228 731 1374 768 finiuisse.

216 815 221 820 ⁷
254 780 384 810 uideatur
416 789 472 810 non
505 781 699 819 superfuisse]
744 781 775 810 in
808 781 939 819 vulgatis
975 781 1112 811 omnibus
1147 781 1331 812 editionibus
1365 781 1555 812 desideratur
1587 783 1713 813 alterum
1737 784 1881 813 orationis
1900 790 1915 818 5
1933 787 1950 813 5

102 821 192 852 huius
214 823 387 853 membrum.
422 823 466 853 sio
489 823 567 853 enim
589 823 716 853 habent:
740 826 765 852 et
787 823 921 853 delectant
947 825 1051 863 potius,
1079 827 1106 854 ut
1133 824 1164 854 id
1190 834 1299 863 quoque
1326 824 1456 854 videatur
1484 834 1540 854 non
1568 826 1753 865 superfuisse.
1792 835 1882 856 verae

105 865 270 904 scripturae
297 866 328 895 in
351 866 532 896 membranis
554 866 683 895 Puteani
707 866 889 904 qualequale
913 869 960 896 est
981 867 1133 897 indicium.
1167 876 1261 905 vnae3
1283 870 1311 896 vt
1337 867 1368 896 id
1388 867 1464 906 quod
1490 868 1619 899 videatur
1640 879 1697 898 uon
1719 869 1852 908 defuisse.
1878 868 1881 905 Ι
1900 881 1928 907 p.
1949 873 1999 899 103

105 908 235 947 alterae3
257 912 284 938 vt
298 908 329 938 id
344 909 472 948 quodque
487 918 543 938 uon
558 908 687 938 videatur
702 909 834 947 defuisse.
868 909 1062 940 Buslidianus
1084 911 1162 940 liber
1182 911 1318 948 proxime
1341 910 1380 940 ad
1402 911 1558 940 veritatem
1588 911 1719 942 accedit:
1756 912 1786 942 in
1822 921 1882 950 quo

105 952 167 989 estq
200 954 228 980 ut
255 950 286 980 id
318 961 427 990 quoque
459 951 588 981 videatur
620 961 676 981 nou
710 951 833 990 defuisse
866 952 943 991 quod
969 953 1154 991 superfuisse.
1195 954 1326 991 optimae
1355 954 1562 992 membranae3
1595 958 1622 984 ut
1644 954 1674 984 id
1695 963 1805 994 quoque
1826 964 1883 985 uon

105 993 234 1023 uideatur
268 993 391 1033 defuisse
424 995 515 1033 magis
549 1003 634 1033 quam
666 995 850 1033 superfuisse.
897 995 927 1024 Si
960 996 1142 1026 membranis
1175 995 1263 1025 fldem
1293 996 1439 1034 derogare
1460 998 1565 1035 velimt,
1599 997 1696 1027 dicam
1718 997 1883 1028 Varronem

106 1036 283 1075 scripsisse:
305 1040 333 1066 vt
353 1036 384 1066 id
406 1046 515 1076 quoque
536 1036 666 1066 videatur
687 1046 744 1066 uon
766 1037 888 1075 defuisse
911 1047 996 1076 quam
1017 1039 1201 1076 superfuisse.
1236 1047 1318 1068 more
1341 1039 1465 1076 antiquo
1489 1041 1642 1078 augmenti
1664 1041 1778 1071 omissa
1792 1041 1883 1079 parti—

105 1079 188 1109 ouis:
210 1081 243 1109 vt
266 1088 303 1109 ex
325 1089 420 1118 quam,
443 1080 474 1109 in
496 1079 672 1109 Buslidiano
697 1079 808 1109 factum
831 1080 937 1118 suerit3
960 1080 1045 1119 quod.
1080 1081 1136 1110 sed
1157 1081 1233 1111 nihil
1254 1084 1346 1111 muto.

255 1133 283 1160 vt
315 1139 399 1169 quam
433 1130 554 1168 diceret.]
601 1139 704 1160 omnes
739 1130 904 1169 editionem
939 1135 964 1161 vt
997 1141 1082 1170 quam
1116 1141 1233 1162 causam
1267 1132 1379 1170 diceret,
1412 1143 1526 1172 remque
1559 1143 1632 1172 quae
1660 1134 1798 1174 ayebatur
1827 1145 1883 1165 uon
1901 1142 1917 1172 9
1935 1140 1952 1166 6

105 1173 257 1212 attingeret.
291 1173 503 1211 seripturarum
527 1173 688 1203 diuersitas
711 1174 810 1203 locum
833 1177 1005 1212 corruptum
1028 1184 1097 1205 esse
1126 1176 1244 1206 elamat.
1279 1175 1400 1213 quidam
1429 1177 1573 1214 Puteani3
1591 1181 1628 1206 'vt
1655 1187 1739 1216 quam
1767 1188 1883 1208 causam

106 1215 208 1245 diceret
229 1225 289 1245 rem
311 1225 420 1254 quoque
443 1215 580 1254 agebatur
601 1226 658 1246 non
680 1217 855 1255 attingerem]
893 1220 924 1247 at
947 1218 1022 1247 alter
1044 1218 1150 1248 melior
1173 1218 1198 1247 ἃ
1220 1219 1250 1248 in
1274 1227 1334 1256 quo
1359 1227 1479 1257 semper
1500 1220 1626 1250 vulnera
1654 1230 1715 1250 non
1742 1221 1784 1251 ita
1814 1231 1883 1252 esse

105 1257 236 1288 obducta
259 1258 348 1315 faeiloe
370 1261 403 1288 vt
425 1259 519 1288 latere
541 1259 661 1297 possint
682 1268 743 1289 non
765 1260 853 1290 nimis
877 1260 1045 1298 chirurgum
1068 1261 1219 1291 incautum
1242 1270 1335 1300 saepe
1358 1262 1476 1300 monui;
1502 1266 1529 1291 vt
1557 1272 1642 1301 quam
1663 1267 1745 1293 extra
1767 1274 1884 1294 causam

105 1317 216 1358 diceret,
239 1327 298 1348 rem
314 1327 344 1356 qg
379 1318 407 1356 [i.
438 1327 464 1348 e.
489 1318 606 1358 quoque]
643 1318 780 1358 uyebatur
808 1329 864 1349 nou
892 1321 1046 1358 attinyeree.
1086 1321 1133 1350 eui
1163 1322 1329 1359 scripturae
1355 1331 1421 1351 non¹
1445 1323 1592 1353 absimilis
1622 1326 1669 1353 est
1697 1324 1884 1355 Buslidiana.

106 1361 238 1400 optimae
259 1362 466 1399 membranae3
488 1365 515 1390 vt
537 1365 620 1391 extra
642 1371 760 1391 eausam
783 1362 895 1401 diceret,
918 1372 1031 1402 remque
1053 1373 1127 1402 quae
1149 1363 1286 1403 ayebatur
1308 1373 1364 1394 ποπ
1385 1365 1539 1403 attingeret.
1574 1366 1631 1395 fuit
1653 1369 1813 1405 antequam
1829 1367 1884 1397 has

105 1404 293 1434 membranas
315 1406 422 1434 nactus
446 1413 555 1442 essem,
577 1407 610 1434 vt
633 1405 824 1435 scribendum
847 1406 1021 1436 arbitrarer:
1045 1410 1072 1435 vt
1095 1410 1177 1436 extra
1199 1416 1316 1436 causam
1345 1417 1431 1446 quam
1459 1407 1560 1446 agebat
1588 1408 1700 1438 diceret.
1741 1410 1796 1439 sed
1826 1410 1884 1439 iam

106 1447 181 1476 nihil
204 1447 336 1476 demuto.
370 1447 515 1485 loquendi
538 1448 614 1477 ratio
637 1457 698 1477 non
720 1448 792 1478 trita
814 1447 840 1477 ἀ
862 1451 972 1487 tamen,
996 1449 1098 1487 siquid
1120 1450 1207 1479 valeo
1231 1450 1376 1489 iudicare,
1404 1451 1494 1488 longe
1519 1451 1690 1483 scitissime.
1735 1452 1884 1489 Quemad-

105 1489 226 1519 modum
249 1490 279 1519 in
301 1490 455 1520 veteribus
477 1490 595 1528 legibus
619 1493 692 1529 erat,
715 1492 758 1520 rei
779 1492 839 1520 siue
862 1492 926 1529 litis,
950 1492 994 1522 sie
1017 1502 1106 1522 causa
1135 1492 1160 1521 ἃ
1194 1502 1241 1522 res
1264 1493 1345 1531 apud
1374 1494 1496 1523 eosdem
1525 1503 1580 1532 pro
1610 1495 1716 1524 iisdem
1745 1499 1824 1534 sunt,
1853 1500 1885 1525 vt

106 1532 261 1562 dosuimus
283 1533 313 1562 in
336 1533 412 1562 libro
437 1533 474 1562 de
498 1533 666 1563 coniunctis
687 1534 718 1563 in
741 1533 847 1573 iure,*)
892 1533 924 1564 Si
946 1536 1008 1574 quis
1031 1545 1127 1574 agens,
1156 1536 1256 1575 inquit
1280 1536 1478 1575 Justinianus,
1507 1538 1536 1566 in
1562 1538 1710 1567 intencione
1739 1547 1793 1568 sua
1820 1538 1885 1577 plus

107 1575 269 1614 complexus
283 1576 385 1614 suerit,
408 1585 493 1614 quam
516 1576 556 1605 ad
577 1585 639 1605 eum
659 1577 817 1615 pertineat.-
839 1578 858 1606 ὰ
881 1587 970 1607 causa
992 1577 1119 1614 cadebat,
1143 1578 1173 1607 id
1195 1581 1244 1617 est,
1267 1588 1326 1608 rem
1349 1579 1505 1618 amittebat5
1527 1589 1578 1608 uec
1591 1581 1684 1618 facile
1704 1581 1733 1610 in
1748 1583 1884 1619 inteyrum

104 1617 300 1648 restituebatur
322 1619 341 1647 ὰ
359 1621 494 1657 praetore
515 1619 571 1648 uisi
592 1620 685 1649 minor
706 1623 767 1649 erat
788 1620 1006 1660 viyintiquinque
1035 1622 1126 1652 annis.
1167 1621 1197 1660 ἓ.
1231 1622 1258 1651 si
1291 1622 1360 1659 quis
1383 1631 1486 1660 agens.
1537 1623 1635 1652 Instit.
1670 1622 1708 1653 de
1742 1625 1886 1655 aetionib.

106 1659 160 1700 [IV
184 1661 213 1700 6,
237 1661 298 1699 33]-

258 1713 284 1741 εἰ
306 1713 370 1741 cuia
392 1721 439 1741 res
461 1713 541 1752 erat]
587 1713 623 1750 ei,
647 1713 734 1742 deest
754 1714 891 1751 vtrisque
913 1715 1094 1745 membranis
1116 1715 1253 1746 Puteani.
1294 1716 1338 1746 sie
1367 1725 1458 1754 supra
1487 1717 1563 1746 dixit
1591 1726 1657 1755 cap.
1687 1717 1761 1747 XIII
1790 1718 1819 1757 [ἓ
1844 1718 1885 1757 71.

106 1755 246 1794 ingenium
268 1758 455 1794 naturamque
475 1755 550 1785 illius
574 1757 638 1785 cuia
660 1765 706 1785 res
725 1760 963 1796 praeceptumque
985 1761 1065 1787 esset.
1100 1758 1126 1787 &
1147 1758 1226 1788 insta
1248 1759 1324 1789 locis
1347 1760 1478 1797 aliquam
1500 1760 1611 1791 multis.

258 1809 283 1835 et
305 1815 367 1836 cum
389 1807 414 1835 is
436 1807 484 1844 qui
505 1806 612 1846 verbm]
657 1807 700 1836 ita
721 1807 834 1837 habent
857 1818 961 1839 omnes
985 1808 1144 1840 editiones.
1184 1812 1232 1840 est
1254 1813 1355 1841 tamen
1379 1811 1410 1840 in
1432 1821 1493 1840 non
1517 1812 1606 1841 nullis
1633 1813 1830 1843 membranis:
1860 1816 1885 1842 et

108 1851 200 1878 tamen
222 1849 247 1878 is
269 1851 318 1888 qui
338 1848 425 1878 verba
439 1849 570 1886 faciebat
590 1849 751 1881 reiectabat.

259 1899 323 1938 Eyo
345 1895 386 1929 illi
407 1901 451 1929 vir
473 1901 630 1930 clarissime
651 1902 820 1940 supersum]
866 1911 970 1932 omnes
993 1904 1200 1942 membranae3
1223 1903 1286 1943 Eyo
1309 1905 1349 1933 illi
1376 1903 1407 1935 V.
1432 1903 1464 1935 C.
1487 1914 1646 1944 supersum.
1681 1906 1886 1936 vetustissima

107 1942 216 1981 editio3
239 1943 283 1972 vir
306 1943 471 1973 clarissime.
508 1946 646 1973 notarum
670 1945 786 1974 illarum
809 1945 844 1974 V.
870 1945 902 1975 C.
927 1946 1134 1984 interpretatio
1158 1947 1268 1976 multos
1291 1947 1322 1976 in
1346 1956 1475 1977 errorem
1498 1948 1603 1977 traxit:
1634 1949 1781 1986 quosdam
1805 1949 1884 1986 [num

107 1985 260 2024 quidam?]
284 1985 357 2026 feeit
378 1987 530 2022 eonsules,
552 1988 585 2016 vt
608 1987 638 2016 iu
661 1987 814 2017 Maorobio
844 1988 983 2018 diximus.
1017 1989 1060 2019 ita
1089 1990 1178 2019 etiam
1206 1989 1256 2020 hie
1283 1990 1313 2019 in
1342 1991 1523 2020 membranis
1553 1991 1733 2028 quibusdam
1762 1992 1883 2029 legitur:

97 2029 150 2108 seir
182 2028 338 2058 clarissime
371 2032 396 2058 et
429 2030 534 2059 consul.
581 2030 690 2060 erroris
723 2040 784 2060 non
819 2031 948 2061 obseura
981 2032 1075 2070 origo.
1120 2042 1185 2072 pro,
1211 2033 1354 2071 festiuiter
1384 2031 1387 2073 Ι
1417 2034 1495 2063 male
1523 2037 1569 2063 est
1597 2034 1627 2063 in
1655 2043 1714 2063 vno
1742 2034 1929 2071 Puteani312-
1951 2033 2001 2059 104

117 2071 276 2100 estinanter.

258 2122 318 2151 suis
341 2121 375 2161 Q.
398 2121 516 2161 Aelius]
561 2123 670 2153 desunt
693 2124 873 2162 quibusdam
895 2126 1086 2157 membranis.
1121 2126 1151 2155 in
1167 2126 1234 2156 aliis
1259 2129 1321 2165 est3
1344 2126 1378 2166 Q.
1396 2126 1522 2157 Laelius.
1559 2130 1591 2156 vt
1613 2127 1702 2156 facile
1724 2128 1764 2157 sit
1779 2128 1885 2158 videre
1902 2130 1917 2159 ὃ
1937 2128 1951 2154 7

107 2173 197 2202 quam
227 2166 340 2194 temere
368 2164 424 2194 has
452 2174 545 2195 voees
573 2166 651 2196 inter
674 2175 706 2196 se
729 2168 911 2197 mutauerInt
932 2169 1056 2207 librarii,
1086 2178 1238 2207 quamque
1262 2178 1299 2199 ex
1327 2170 1365 2200 L.
1388 2169 1485 2199 Aelius
1507 2179 1569 2199 non
1591 2169 1752 2200 difficulter
1774 2171 1884 2201 factum

107 2207 146 2236 sit
166 2208 354 2246 plerumque,
382 2205 518 2238 Laelius?

259 2268 313 2287 sua
335 2259 517 2298 superfluenti
538 2260 615 2298 tum.]
650 2261 760 2290 absunt
783 2263 801 2290 a
822 2262 1042 2293 recentioribus
1065 2264 1255 2294 membranis.
1295 2264 1325 2292 in
1349 2264 1432 2302 aliis3
1461 2273 1515 2293 sua
1537 2264 1738 2302 superfluitate.
1772 2265 1884 2303 inepte.

106 2309 205 2339 neque
227 2303 327 2331 tamen
351 2300 441 2331 Gellii
465 2302 582 2332 doctior
605 2306 652 2333 est
674 2304 891 2342 interpretatio.
926 2305 1000 2343 quid
1023 2306 1102 2336 enim
1124 2306 1186 2346 illa,
1209 2307 1385 2345 superfluens
1407 2310 1464 2335 tum
1492 2310 1517 2335 et
1550 2307 1634 2336 nimis
1662 2305 1823 2347 abundans,
1846 2308 1885 2337 ad

107 2344 259 2374 notionem
282 2344 367 2374 verbi
389 2354 537 2384 superesse
560 2345 696 2376 faciunt?

258 2462 285 2496 ²⁸¹)
304 2462 385 2490 Hune
404 2462 515 2498 librum,
534 2463 558 2491 si
578 2464 661 2491 modo
681 2465 797 2499 exstitit,
817 2465 958 2500 inspicere
977 2473 1033 2493 non
1051 2466 1142 2500 potui.
