2138 2748
306 259 344 290 14
916 255 1009 283 LVD.
1030 254 1251 282 CARRIONIS
1268 254 1406 282 NOTAE
1423 254 1472 281 IN

236 346 252 377 ἓ
271 345 286 370 7
456 344 562 374 Graeci
583 345 705 383 vocant]
753 345 828 374 alter
849 344 927 373 liber
947 344 1094 382 Puteani3
1117 342 1223 373 Graeci
1242 352 1390 382 yrammen
1411 336 1566 373 nominant.
1617 342 1707 379 Quod
1737 345 1836 372 autem
1866 341 2020 379 subiungit
2041 341 2079 371 de

305 388 455 417 Varrone:
489 387 522 417 id
555 388 593 417 de
626 388 704 417 libro
739 387 831 420 illius,
866 395 955 424 quem
989 387 1027 416 de
1050 386 1225 416 Geometria
1248 385 1439 424 conscripsit,
1473 387 1520 414 est
1553 385 1771 423 accipiendum.
1809 384 1982 415 huiusmodi
2003 384 2083 413 enim

304 431 344 460 M.
378 431 543 460 Varronem
577 430 712 460 edidisse
746 429 923 459 Cassiodori
957 429 1006 468 [de
1029 431 1143 460 astron.
1177 431 1251 459 extr.
1285 438 1316 467 p.
1352 428 1412 457 582
1443 428 1491 458 ed.
1525 437 1597 466 opp.
1631 428 1747 459 Genev.
1781 437 1810 460 a.
1847 427 1938 465 1650]
1971 423 2082 456 indicio

305 473 473 504 didicimus.

238 526 252 555 ἓ
271 523 288 549 8
458 523 615 562 Lonyitudo
639 523 801 563 quaedam]
846 523 998 562 longitudo,
1033 523 1121 553 abest
1154 524 1173 552 a
1207 522 1388 560 quibusdam
1411 521 1601 552 membranis.
1641 522 1672 551 in
1701 522 1770 551 aliis
1804 522 1894 551 etiam
1925 530 2084 560 perperam

304 567 429 605 legitur;
452 566 594 606 longitudo
617 566 758 606 quaedam
780 567 840 595 sine
863 566 1032 605 lonyitudine
1055 568 1079 594 et
1102 565 1255 596 altitudine.

238 620 253 649 ἓ
271 618 288 644 9
457 617 592 648 Euclides
615 621 708 647 autem
730 618 865 656 breuius]
910 626 1021 647 nomen
1042 617 1179 646 Euclidis
1202 617 1290 646 deest
1313 616 1494 654 quibusdam
1516 616 1601 645 libris
1616 616 1846 654 manuscriptis3
1870 615 1954 653 quod
1969 614 2086 645 Graece

306 661 450 699 scriptum
475 663 567 691 esset.
601 670 670 690 nam
693 662 724 690 in
747 661 815 690 aliis
837 660 1017 690 membranis
1039 669 1146 690 vocem
1169 659 1315 689 Graecam
1339 659 1504 689 desiderari
1527 661 1574 688 est
1589 658 1773 689 adnotatum.
1809 661 1879 688 sunt
1893 657 1970 688 haec
1984 659 2085 688 autem

306 713 343 733 ex
365 704 461 742 primo
484 704 620 733 Euclidis
644 704 791 733 elemento
816 703 887 741 [def.
912 703 952 741 2].

459 764 513 784 vno
536 754 621 784 verbo
644 754 767 793 Latine]
814 755 945 792 optimae
967 754 1176 792 membranae;
1199 762 1253 782 vno
1275 752 1379 783 Latino
1402 752 1497 782 verbo.

457 807 513 836 nisi
535 806 644 836 audeas
668 806 781 844 dicere]
826 808 953 843 vterque
974 805 1053 834 liber
1073 805 1219 843 Puteani3
1241 813 1291 833 nec
1314 804 1423 834 audeas
1445 804 1546 833 dicere.
1581 804 1673 842 igitur
1693 803 1803 833 Latina
1824 803 1877 833 illa
1903 802 2086 834 Graecorum

305 850 464 879 verborum
486 849 696 887 interpretatio
720 848 863 887 longitudo
885 847 1040 886 ululabitis,
1064 849 1082 876 a
1105 847 1204 877 Gellio
1228 856 1290 876 non
1313 850 1369 878 est.

929 973 1065 1009 LIBRO
1087 966 1228 1008 PRIMO
1251 973 1346 1008 CAP.
1368 973 1460 1008 XXI.

237 1050 251 1080 ἓ
271 1048 288 1074 2
458 1046 581 1084 Hiyinus
603 1046 715 1084 autem]
760 1046 878 1075 variant
901 1045 927 1074 ἀ
948 1045 998 1074 hic
1021 1045 1047 1074 ἃ
1069 1045 1151 1082 apud
1173 1045 1251 1074 alios
1274 1044 1437 1082 scriptores
1465 1044 1497 1073 in
1519 1044 1640 1073 nomine
1669 1043 1757 1073 huius
1786 1028 1972 1080 gramatici
1998 1050 2087 1073 mem-

306 1091 427 1125 branae,
453 1089 635 1127 quibusdam
657 1089 793 1128 Hiyinum
816 1089 884 1118 aliis
908 1088 1057 1126 Hiyinium
1079 1087 1317 1117 nominantibus.
1352 1087 1436 1124 quod
1457 1087 1566 1116 iterum
1588 1087 1742 1116 monuisse
1766 1086 1928 1116 suffecerit.

461 1141 610 1179 confirmat
632 1143 656 1169 et
674 1140 862 1178 perseuerat]
909 1140 1059 1177 quaedam
1081 1139 1289 1176 membranam
1312 1139 1439 1176 affirmat
1461 1141 1486 1167 et
1504 1141 1682 1176 perseuerat.
1720 1147 1824 1167 omnes
1847 1139 1948 1167 autem
1969 1138 2090 1166 veteres

308 1184 447 1222 codices3
470 1184 518 1222 qui
532 1184 634 1221 fuerit,
657 1192 729 1222 non,
753 1184 800 1221 qui
816 1183 926 1220 fuerat.
952 1183 983 1211 in
1005 1191 1065 1211 vno
1090 1182 1181 1211 etiam
1203 1181 1331 1211 Puteani
1360 1183 1422 1219 estz,
1455 1190 1492 1210 ex
1526 1181 1609 1210 domo
1643 1185 1725 1219 atque
1757 1190 1793 1210 ea:
1818 1180 1937 1218 familia
1970 1178 2088 1218 Virgilii.

307 1235 417 1265 Domus
440 1238 464 1263 et
479 1234 598 1272 familia
621 1243 715 1272 saepe
738 1234 967 1272 coniunguntur⁷
989 1234 1168 1271 praesertim
1190 1233 1272 1271 apud
1294 1233 1524 1262 iureconsultos.
1558 1231 1629 1261 hinc
1655 1231 1804 1269 leianus
1832 1232 1910 1261 libro
1934 1224 2019 1260 xlvi
2051 1230 2092 1260 ad

309 1278 438 1307 edictum
467 1276 624 1314 Communi,
654 1277 762 1315 inquit,
791 1278 852 1306 iure
873 1277 1021 1315 familiam
1050 1276 1169 1305 dicimus
1199 1276 1323 1305 omnium
1350 1275 1548 1314 adynatorum.
1587 1284 1655 1303 nam
1677 1275 1728 1303 etsi
1746 1274 1960 1312 patrefamilias
1980 1277 2090 1303 mortuo

308 1321 411 1360 singuli
439 1320 566 1358 sinyulas
586 1320 721 1358 familias
750 1319 868 1348 habent:
897 1323 990 1348 tamen
1018 1328 1122 1356 omnes,
1152 1319 1200 1357 qui
1229 1317 1280 1347 sub
1309 1318 1390 1347 onius
1415 1321 1552 1356 potestate
1572 1318 1701 1355 suerunt,
1724 1320 1798 1346 recle
1819 1316 1944 1346 eiusdem
1958 1316 2092 1355 familiae

309 1363 534 1402 appellabuntur,
565 1364 613 1401 qui
642 1372 678 1392 ex
705 1362 805 1392 eadem
834 1362 916 1391 domo
945 1365 970 1391 et
996 1365 1076 1400 yente
1101 1361 1211 1400 proditi
1232 1364 1304 1391 sunt.
1338 1361 1358 1390 l.
1389 1360 1503 1390 CXCV.
1526 1360 1556 1399 ξ.
1581 1359 1713 1389 familiae
1735 1368 1815 1389 vers.
1839 1359 1996 1390 Communi
2019 1358 2048 1398 [ξ
2073 1359 2091 1388 2

309 1407 406 1445 extr.]‚
430 1406 468 1436 de
489 1406 608 1436 verbor.
633 1405 790 1443 significat.
825 1405 872 1443 [D.
895 1405 920 1434 L
947 1405 1005 1443 16].

241 1459 257 1490 ς
275 1458 291 1484 3
457 1457 578 1496 perinde
601 1457 636 1486 sit
659 1457 762 1495 quasi]
809 1457 907 1486 scribe
930 1465 1012 1485 more
1036 1455 1192 1494 Gelliano3
1212 1455 1334 1494 proinde
1356 1455 1391 1483 sit
1413 1455 1495 1493 quasi
1511 1454 1631 1483 dicatur.
1667 1453 1749 1492 quod
1771 1454 1864 1484 estin
1877 1452 2068 1483 membranis.
2086 1454 2090 1497 1

141 1515 167 1541 1>-
188 1506 222 1532 98
241 1508 255 1537 ἓ
274 1505 292 1531 4
461 1507 610 1538 Fauorino
632 1508 731 1547 Hiyini
753 1508 982 1536 commentarium
1004 1507 1152 1546 legissem]
1197 1509 1279 1536 recte
1301 1506 1378 1535 liber
1399 1505 1609 1544 Buslidianus3
1638 1504 1803 1534 Fauorinus
1831 1504 1929 1544 Hiqini
1956 1514 2094 1540 commen·

307 1554 411 1582 tarium
434 1552 552 1590 leyisset.

462 1603 622 1631 insuauitas
644 1601 808 1640 amaroris]
854 1601 912 1631 hoc
946 1601 1020 1639 quid
1055 1601 1113 1630 sibi
1147 1600 1221 1629 velit
1253 1600 1368 1630 nescio.
1406 1608 1507 1636 neque
1536 1599 1625 1638 enim,
1659 1599 1761 1638 credo,
1794 1598 1946 1629 Fauorino
1970 1600 2022 1628 aut
2042 1607 2092 1628 res

309 1647 377 1684 ipsa
400 1654 502 1674 amara
524 1647 576 1674 aut
596 1654 657 1674 vox
680 1645 823 1673 amar-oris
851 1644 1042 1683 displicebat,
1071 1652 1137 1673 cum
1166 1643 1198 1672 id
1225 1644 1349 1672 verbum
1377 1643 1415 1671 ab
1443 1642 1555 1680 Higino
1583 1642 1614 1672 in
1636 1642 1761 1679 Virgilio
1787 1642 1980 1672 obseruatum
2002 1642 2092 1672 etiam

309 1689 464 1727 probaret,
486 1690 519 1717 vt
540 1688 598 1717 iam
623 1688 748 1717 dicetur.
787 1690 915 1724 vterque
944 1687 1022 1716 liber
1048 1687 1191 1716 Puteani:
1221 1686 1362 1724 displicita
1391 1688 1461 1726 esset
1488 1685 1637 1714 insolentia
1666 1688 1691 1713 et
1720 1685 1876 1714 insuavitas
1898 1693 2025 1715 amaror.
2063 1683 2094 1713 Ia

310 1732 408 1761 Iouem
430 1734 479 1760 etc.
515 1731 598 1768 quod
620 1731 690 1760 huic
712 1731 780 1760 loco
803 1731 924 1759 minime
948 1730 1100 1759 conuenit.
1138 1729 1271 1767 optimae
1293 1729 1484 1758 membranae
1506 1727 1565 1757 hoc
1587 1730 1679 1766 caput
1700 1737 1762 1757 non
1783 1727 1908 1770 habent.
1941 1727 2040 1757 scribe
2056 1735 2094 1756 ex

311 1774 416 1804 codice
438 1773 633 1812 Buslidian03
656 1773 799 1812 displicita
822 1777 893 1802 esset
915 1773 1064 1802 insolentia
1087 1775 1112 1801 et
1133 1772 1294 1801 insuauitas
1315 1771 1405 1809 illius,-

1384 1839 1426 1843 —
1451 1838 1488 1843 —
1514 1830 1597 1850 sensu
1619 1821 1756 1861 torquebit
1778 1831 1891 1852 amaro.

312 1877 377 1907 vult
400 1876 479 1906 enim
500 1876 684 1905 Fauorinum
708 1876 799 1905 etiam
821 1876 852 1904 in
875 1875 913 1905 iis
937 1875 1043 1914 fuisse,
1067 1874 1177 1912 quibus
1201 1873 1332 1903 absurde
1354 1873 1515 1903 videbatur
1537 1873 1613 1911 dici3
1635 1882 1726 1911 sapor
1748 1882 1832 1902 sensu
1855 1881 1957 1902 amaro
1978 1875 2095 1911 torquet.

314 1919 418 1949 addidi
441 1928 478 1948 ex
501 1919 609 1948 eodem
630 1919 707 1948 libro
731 1918 909 1948 Buslidiano
932 1927 1038 1947 vocem
1063 1918 1133 1954 risit,
1158 1926 1237 1955 quae
1260 1917 1298 1946 ab
1321 1917 1389 1946 aliis
1413 1916 1551 1946 omnibus
1573 1916 1671 1946 abest.

468 1978 565 2008 Iouem
588 1978 730 2016 lapidem]
775 1980 902 2016 vterque
924 1978 1001 2007 liber
1022 1978 1151 2006 Puteani
1167 1976 1193 2006 ἀ
1207 1977 1373 2015 pleraeque
1388 1976 1614 2006 vetustissimae
1635 1976 1802 2014 editionesz,
1823 1975 1922 2005 Iouem
1941 1974 2094 2014 lapideum.

315 2022 493 2052 nesciebant
515 2021 658 2051 videlicet
681 2021 755 2058 quid
777 2024 860 2051 esset
883 2022 986 2050 Iouem
1009 2020 1140 2058 lapidem
1164 2020 1262 2049 iurare
1285 2022 1315 2049 et
1337 2020 1441 2048 Iouem
1463 2019 1616 2057 lapideum
1638 2028 1699 2048 non
1721 2020 1860 2057 poterant
1882 2018 2030 2056 ignorare.
2063 2018 2095 2048 in

314 2065 492 2095 Buslidiano
525 2073 598 2093 vera
632 2064 781 2102 scriptura
814 2064 934 2094 mansit.
979 2063 1120 2101 Lapidem
1152 2063 1267 2100 silicem,
1301 2062 1400 2100 inquit
1425 2062 1537 2092 Festus
1572 2062 1656 2100 [epit.
1684 2071 1715 2100 p.
1748 2062 1817 2100 115,
1841 2062 1860 2090 4
1882 2060 1934 2100 M.]
1967 2059 2096 2090 tenebant

316 2108 439 2137 iuraturi
457 2117 512 2146 per
533 2107 640 2143 Iouem,
663 2107 733 2136 haec
755 2106 843 2136 verba
866 2106 1003 2136 dicentes:
1026 2106 1066 2136 Si.
1091 2115 1202 2136 scmus.
1225 2114 1332 2136 ranno.
1355 2114 1428 2136 mvn.
1450 2115 1501 2135 us.
1524 2110 1691 2135 mssmrsn.
1715 2113 1819 2134 sALvn.
1842 2113 1932 2135 vanu.
1954 2113 2041 2135 Anca.
2065 2113 2095 2138 Q.

316 2159 414 2180 noms.
437 2159 546 2181 sicu-r.
569 2159 650 2180 v'rm.
673 2159 744 2179 neo.
766 2158 858 2179 nvnc.
881 2159 1021 2179 numm«.

466 2204 590 2239 paratus
612 2210 675 2230 sum
697 2200 814 2239 iurare]
859 2210 921 2230 sum
945 2200 1033 2229 deest
1053 2200 1173 2237 vti-ique
1195 2200 1273 2229 libro
1297 2199 1425 2229 Puteani
1447 2198 1474 2228 ἀ
1494 2199 1655 2229 vetustiori
1679 2198 1815 2229 editioni.

470 2252 522 2282 sed
542 2252 678 2291 Hiyinum
700 2252 771 2290 eya]
816 2252 910 2282 verba
944 2254 1012 2281 sunt
1044 2252 1121 2281 haec
1143 2252 1286 2281 Fauorini
1318 2260 1380 2281 non
1402 2250 1503 2280 Gellii.
1537 2250 1647 2288 probat
1675 2250 1856 2279 sententiam
1877 2248 1982 2287 Higini
1997 2247 2095 2278 Fauo-

318 2296 400 2325 rinus
430 2294 456 2324 &
483 2296 515 2325 in
544 2305 610 2325 eam
632 2295 771 2333 discedit,
806 2297 911 2324 contra
934 2304 1024 2332 quam
1046 2295 1090 2324 illi
1111 2295 1272 2324 voluerunt
1294 2295 1347 2332 qui
1369 2293 1394 2323 ez
1416 2293 1574 2332 superiora
1595 2293 1716 2322 adiecta
1743 2293 1796 2322 illa
1823 2300 1910 2331 voce,
1943 2292 2096 2329 amareris,

318 2339 557 2368 contaminarunt
589 2338 615 2368 ἀ
649 2338 779 2368 Gellium
812 2340 831 2367 a
863 2338 1014 2367 Fauorino
1050 2338 1199 2367 dissidere
1233 2337 1432 2376 ineptissime,
1465 2338 1498 2365 vt
1530 2336 1649 2374 reliqua
1677 2336 1786 2375 omnia,
1820 2334 1881 2366 sibi
1914 2334 2097 2365 obseruasse

317 2382 375 2411 visi
398 2383 477 2411 sunt.

252 2437 266 2466 ξ
285 2436 301 2461 5
470 2432 594 2462 Lucretii
615 2433 777 2471 inuentum]
821 2433 962 2470 vulgatae
986 2432 1152 2470 editionem,
1186 2432 1216 2460 in
1245 2430 1416 2460 carminibus
1443 2429 1568 2459 Lucretii
1595 2430 1737 2459 inuentum
1765 2438 1822 2459 non
1848 2431 1889 2458 est
1917 2431 2096 2467 aepmatus.

319 2478 445 2513 vterque
466 2476 611 2513 Puteani3
634 2476 663 2504 in
686 2475 858 2505 carminibus
880 2474 1005 2504 Lucretii
1027 2475 1168 2504 inuentum
1195 2477 1244 2512 est,
1278 2483 1334 2504 non
1367 2477 1407 2502 est
1440 2476 1621 2512 aspernatus.
1654 2472 1816 2503 manifesta
1847 2471 1989 2502 lectionis
2022 2470 2096 2501 Ger-
