2138 2748
986 226 1055 281 19⁴

277 346 536 380 GUILELMUS
551 347 758 391 FILEHNE,
782 349 839 382 Dr.
855 352 890 384 P.
906 351 942 384 P.
959 350 999 384 O.
1028 351 1196 383 Publice
1212 352 1236 385 1.
1267 352 1441 395 ssei-apiae
1461 355 1619 394 yeneralis
1641 356 1745 396 capita
1766 357 1880 388 colecta

125 397 263 431 docebit
286 398 317 432 d.
336 398 419 432 Ven.
442 398 474 432 h.
494 398 548 431 VI.
594 399 784 432 Privatim
807 402 847 434 II.
888 403 1180 444 Pbormacolayiam
1202 405 1520 437 demonstrationibus
1542 407 1698 438 adiunctis
1722 407 1879 439 tractabit

130 449 309 492 quinquies
324 459 386 492 per
401 449 501 482 hebd.
517 449 550 483 h.
565 450 604 484 V.
638 451 695 484 111.
718 453 766 484 De
788 454 1064 487 intoaeicationibus
1077 456 1348 497 frequentioribus
1370 466 1432 498 per
1453 467 1571 490 venena
1593 459 1660 490 scil.
1687 460 1881 499 anoryanica

124 500 268 533 disseret
289 501 321 534 d.
344 501 427 534 Lun.
451 505 483 533 et
505 501 575 535 Iov.
598 501 631 534 h.
649 502 706 535 VI.

0 583 3 611 ἱ
275 560 483 594 CAROLUS
506 561 750 594 IMMANUEL
772 562 991 602 KLOPSCH,
1016 565 1073 599 Dr.
1096 565 1131 598 P.
1155 565 1190 599 P.
1214 566 1252 598 E.
1297 566 1467 599 Publice
1484 567 1507 600 Ι.
1544 569 1591 600 De
1605 569 1738 601 historia
1752 570 1876 602 chirur-

0 614 5 652 ι
119 613 192 653 yiae
212 613 396 645 recentioris
419 614 567 654 temporis
591 612 734 646 disseret
756 615 857 646 semel
879 627 938 658 per
954 616 1052 649 hebd.
1070 617 1102 650 h.
1118 616 1182 649 VII
1205 621 1281 651 mat.
1315 617 1510 650 Privatim
1533 619 1573 651 11.
1608 620 1655 652 De
1671 621 1877 663 orthopaedia

0 667 3 680 *
121 666 199 707 aget
218 667 269 695 ter
291 673 352 705 per
374 662 474 696 hebd.
497 662 531 696 h.
546 663 609 696 VII
631 669 708 697 mat.

0 732 3 766 g
270 720 544 756 RUDOLPHUS
569 723 829 763 VOLTOLINJ,
854 725 910 759 Dr.
936 727 970 760 P.
992 727 1027 760 P.
1052 727 1089 761 E.
1134 728 1304 761 Publice
1331 729 1355 762 I.
1393 730 1568 763 Anatomen
1595 733 1709 771 oryani
1736 732 1875 774 auditus,

0 775 10 811 ἵ
119 775 224 817 quoad
242 774 368 807 morbos
391 776 530 807 eiusdem
556 775 667 808 tradet
689 776 722 809 h.
745 776 857 809 adhuc
881 778 946 812 def.
989 778 1276 812 Privatissime
1298 780 1338 812 11.
1378 781 1512 814 (liu-sum
1535 782 1825 825 larynqoecopicum
1847 789 1875 817 et

0 830 4 868 ζ
117 825 369 867 νλόκοεοορίοαηι
390 825 543 859 instituet
565 826 597 860 d.
621 827 690 860 Sat.
713 827 746 861 b.
769 828 810 862 11.

0 869 8 926 f
267 884 538 918 LEOPOLDUS
562 886 818 926 AUERBACH,
842 889 897 921 Dr.
922 888 955 922 P.
979 889 1014 923 P.
1038 889 1076 922 E.
1122 890 1292 922 Publice
1314 891 1338 924 Ι.
1382 893 1429 924 De
1451 892 1585 925 historia
1608 894 1748 926 naturali
1765 899 1873 936 proto-

0 931 2 958 ?
117 945 248 970 zoarum
269 936 414 969 disseret
429 937 531 969 semel
547 948 607 980 per
621 938 721 971 hebd.
755 939 951 972 Privatim
975 941 1015 973 ΙΙ.
1050 942 1098 973 De
1118 943 1319 983 yeneratione
1341 946 1370 974 et
1392 943 1600 984 embryoloyia
1628 946 1873 979 vertebratomm

116 992 193 1032 aget
214 987 266 1020 bis
288 998 349 1031 per
371 988 472 1021 hebd.

266 1047 554 1082 HERMANNUS
569 1049 831 1084 LUDOVICUS
849 1051 984 1090 COHN,
1009 1052 1067 1084 Dr.
1083 1052 1119 1085 P.
1135 1053 1169 1086 P.
1187 1053 1226 1086 E.
1259 1052 1430 1085 Publice
1446 1054 1470 1087 1.
1497 1055 1658 1088 Examina
1670 1057 1872 1096 fimetionum

116 1099 200 1133 nendi
225 1104 319 1144 reget
348 1100 380 1134 d.
409 1100 513 1134 Merc.
541 1100 575 1134 h.
592 1100 633 1135 V.
678 1101 874 1135 Privatim
903 1103 945 1137 11.
990 1104 1123 1136 Cursum
1156 1105 1492 1146 ophtkabnoscopioum
1524 1106 1677 1139 instituet
1710 1107 1742 1141 d.
1774 1108 1872 1142 Mart.

116 1155 150 1184 et
169 1151 240 1184 Iov.
268 1151 301 1184 h.
324 1151 367 1185 V.

261 1210 523 1244 RICHARDUS
548 1211 849 1250 GSCHEIDLEN,
874 1213 931 1247 Dr.
947 1214 982 1247 P.
999 1214 1033 1247 P.
1050 1214 1088 1246 E.
1126 1214 1299 1247 Publice
1323 1215 1345 1248 l.
1384 1217 1432 1248 De
1453 1217 1567 1248 urinae
1589 1217 1707 1250 chemia
1730 1217 1872 1251 disseret

115 1261 147 1294 d.
170 1261 254 1296 Lun.
276 1262 310 1296 h.
335 1262 375 1296 V.
420 1263 618 1296 Privatim
639 1264 680 1297 ΙΙ.
726 1266 889 1306 Hyyienen
908 1266 1065 1308 publicam
1093 1267 1410 1299 demonstrationibus
1438 1268 1627 1300 illustratam
1654 1268 1791 1302 docebit
1817 1271 1871 1302 bis

113 1323 174 1356 per
194 1313 295 1346 hebd.
317 1313 351 1348 h.
375 1314 440 1347 def.
485 1315 774 1348 Privatissime
797 1316 852 1350 111.
896 1318 1146 1350 Exercitationes
1173 1318 1318 1359 byyienes
1345 1319 1380 1351 in
1400 1320 1527 1351 modum
1549 1321 1714 1352 seminarii
1735 1322 1872 1363 diriqere

113 1369 234 1408 perget
255 1365 358 1397 semel
381 1377 442 1408 per
464 1366 564 1400 hebd.
587 1366 620 1399 h.
645 1366 710 1400 def.

262 1425 477 1459 AEMILIUS
500 1425 712 1464 RICHTER,
736 1426 794 1460 Dr.
810 1427 845 1460 P.
860 1427 896 1460 P.
914 1427 953 1461 E.
998 1427 1167 1459 Publice
1185 1428 1206 1461 l.
1240 1429 1288 1460 De
1310 1430 1574 1470 amputationibus
1596 1434 1625 1462 et
1645 1432 1870 1465 resectionibus

115 1475 257 1508 disseret
290 1477 393 1509 semel
426 1488 487 1520 per
519 1477 620 1511 hebd.
679 1477 875 1510 Privatim
907 1479 949 1511 II.
1007 1480 1193 1521 Akiuryiam
1225 1481 1390 1522 specialem
1427 1480 1563 1513 docebit
1595 1486 1646 1514 ter
1678 1492 1738 1525 per
1770 1482 1871 1516 hebd.

111 1527 167 1561 111.
192 1527 399 1570 operationes
411 1530 445 1561 in
455 1530 609 1562 cadavere
619 1530 830 1562 instituendas
846 1530 1089 1568 demonstrabit
1103 1541 1170 1562 una
1185 1542 1258 1563 cum
1271 1531 1469 1564 Professore
1481 1532 1620 1564 Fischer
1636 1538 1686 1565 ter
1697 1544 1756 1576 per
1768 1534 1869 1569 hebd.

259 1588 521 1621 LUDOVICUS
550 1589 670 1627 HIRT,
700 1589 757 1621 Dr.
787 1590 822 1622 P.
850 1590 886 1623 P.
914 1590 953 1623 E.
998 1590 1170 1622 Publice
1197 1591 1221 1623 I.
1268 1590 1387 1623 Selecta
1415 1593 1520 1634 capita
1549 1593 1695 1634 hyyienes
1723 1595 1869 1627 commili-

73 1630 95 1672 )
110 1639 235 1672 ionibus
258 1642 397 1673 omnium
419 1642 566 1673 ordinum
589 1640 756 1679 enarrabit
779 1641 881 1673 semel
902 1652 962 1684 per
984 1641 1083 1674 hebd.
1129 1641 1326 1674 Privatim
1349 1642 1389 1675 Π.
1433 1642 1586 1675 Clinicum
1609 1647 1637 1676 et
1656 1645 1869 1687 policlinicum

109 1690 290 1724 morborum
311 1693 488 1732 systematis
510 1693 639 1724 nervosi
659 1692 887 1725 moderabitur
910 1693 942 1726 d.
964 1694 1033 1726 Iov.
1058 1693 1089 1726 h.
1111 1693 1158 1725 III
1183 1698 1216 1725 et
1238 1693 1296 1726 1V.

256 1750 406 1783 IULIUS
430 1750 791 1788 SOMMERBRODT,
816 1752 874 1786 Dr.
896 1752 931 1786 P.
947 1752 982 1786 P.
1006 1752 1044 1786 E.
1078 1753 1250 1785 Publice
1272 1753 1295 1786 Ι.
1326 1754 1373 1786 De
1396 1756 1585 1786 arteriarum
1603 1756 1702 1797 pulsu
1725 1755 1868 1789 disseret

108 1801 212 1834 semel
233 1811 294 1845 per
315 1801 416 1835 hebd.
453 1802 650 1834 Privatim
674 1803 714 1836 ΙΙ.
752 1803 873 1836 Selecta
895 1805 1000 1846 capita
1018 1805 1217 1846 patholoyiae
1240 1808 1269 1837 et
1291 1805 1452 1847 therapius
1473 1806 1652 1838 morborum
1674 1807 1815 1849 larynqis
1838 1813 1867 1840 et

102 1853 288 1896 pulmonum
310 1853 421 1886 tradet
444 1857 563 1896 quater
584 1863 645 1896 per
662 1854 762 1887 hebd.

255 1912 494 1946 ALBERTUS
517 1913 720 1950 NEISSER,
744 1914 802 1947 Dr.
826 1914 860 1947 P.
884 1913 918 1946 P.
942 1914 981 1947 E.
1026 1914 1197 1947 Publice
1220 1915 1244 1949 I.
1282 1917 1498 1958 Patholoyiam
1521 1921 1550 1949 et
1571 1918 1744 1960 therapium
1766 1919 1867 1951 morbi

105 1965 309 2006 yonorrlioici
331 1964 468 1996 docebit
490 1964 522 1998 d.
546 1965 615 1999 Sat.
639 1965 671 1998 h.
695 1965 761 1998 des.
805 1965 999 1998 Privatim
1021 1966 1063 1999 11.
1110 1967 1262 2000 Clinicum
1290 1971 1319 2000 et
1338 1969 1551 2009 policlinicum
1578 1969 1758 2001 morborum
1780 1973 1863 2002 cuta-

105 2026 237 2050 neorum
258 2020 287 2048 et
307 2026 510 2049 venerearum
532 2016 760 2049 moderabitur
783 2016 815 2050 d.
838 2017 921 2050 Luu.
945 2017 1047 2051 Merc.
1071 2017 1140 2051 Iov.
1164 2017 1196 2051 h.
1220 2018 1441 2061 IX¹l,—X¹s‚.

257 2074 382 2108 ΟΤΤΟ
407 2075 668 2113 SOLTMANN.
692 2075 747 2109 Dr.
772 2075 807 2107 P.
831 2076 866 2108 P.
890 2076 928 2109 E.
972 2077 1144 2110 Publice
1166 2080 1191 2112 I.
1234 2080 1282 2112 De
1304 2081 1445 2112 naturali
1466 2085 1494 2112 et
1516 2081 1676 2122 artificiali
1695 2081 1864 2120 insontium

106 2128 276 2159 nutritione
307 2137 373 2159 una
405 2137 475 2159 cum
507 2128 824 2161 demonstrationibus
858 2127 1001 2161 disseret
1034 2129 1065 2162 d.
1094 2130 1176 2163 Lun.
1206 2130 1238 2163 h.
1264 2130 1303 2164 V.
1348 2130 1542 2163 Privatim
1566 2130 1606 2164 11.
1653 2132 1807 2164 Clinicum
1834 2136 1864 2164 et

101 2178 316 2220 ponet-'niman
334 2180 566 2221 paediatricum
588 2179 817 2211 moderabitur
840 2180 872 2213 d.
894 2180 991 2212 Mart.
1016 2186 1049 2213 et
1064 2181 1148 2214 Ven.
1172 2181 1204 2215 h.
1225 2181 1253 2212 V
1270 2186 1303 2214 et
1320 2181 1376 2215 VI.

255 2237 384 2271 HUGO
408 2238 608 2276 MAGNUS,
638 2238 695 2272 Dr.
719 2240 754 2272 P.
777 2240 814 2271 P.
837 2239 875 2272 E.
920 2240 1091 2272 Publice
1119 2241 1143 2274 Ι.
1190 2242 1346 2273 Examina
1367 2242 1569 2281 functionum
1597 2242 1680 2274 omli
1711 2242 1862 2275 instituet

104 2288 156 2321 bis
179 2299 239 2333 per
261 2288 362 2323 hebd.
386 2289 418 2323 h.
443 2289 508 2323 def.
551 2290 747 2322 Privatim
776 2290 815 2322 11.
859 2292 1110 2324 Exercitationes
1132 2293 1451 2335 ophthalmoscopicas
1479 2292 1704 2325 moderabitur
1725 2294 1777 2326 bis
1801 2305 1861 2336 per

103 2340 205 2374 h⁰bd·
227 2339 496 2425 hblllegTAVUS
526 2391 668 2429 BORN,
703 2391 761 2425 Dr.
788 2393 823 2426 P.
853 2394 888 2425 P.
918 2392 957 2425 E.
1011 2393 1176 2425 Publice
1205 2394 1228 2426 I.
1274 2393 1484 2436 Osteoloyiam
1518 2398 1547 2427 et
1579 2396 1859 2436 syndesmoloyiam

102 2444 279 2485 generalem
301 2443 459 2476 tractabit
481 2443 583 2477 semel
605 2453 667 2486 per
688 2442 789 2476 hebd.
814 2443 844 2476 li.
870 2443 942 2478 VII.
980 2444 1181 2478 Privatim
1204 2446 1243 2479 Π.
1292 2445 1501 2486 Osteoloyiam
1527 2450 1556 2478 et
1577 2447 1858 2487 syndesmoloyiam

102 2495 237 2528 hominis
258 2496 426 2538 specialem
448 2494 586 2528 docebit
608 2495 660 2527 bis
683 2505 743 2538 per
764 2494 865 2527 hebd.
888 2495 921 2529 h.
939 2495 1010 2530 vn.

1625 2557 1657 2584 3·
