2138 2748
977 220 998 252 5
1063 246 1067 250 .

102 320 136 353 in
159 319 288 361 Virgilii
310 319 460 362 epitomis
484 320 690 354 recensendis
717 324 814 363 atque
843 322 1056 356 emendandis
1079 323 1240 357 obtineret
1260 323 1474 365 indagaturus
1495 327 1571 357 ante
1600 324 1724 365 aliquot
1752 333 1878 357 menses

104 371 254 414 precibus
269 370 374 403 virum
389 371 695 405 excellentissimum
716 372 757 406 de
779 373 918 415 Gossler,
941 374 995 416 qui
1016 374 1111 407 rebus
1134 375 1374 416 ecclesiasticis,
1397 374 1611 414 scholasticis,
1634 375 1768 409 medicis
1789 374 1878 418 apud

102 425 264 456 nostrates
285 426 426 465 praeest,
448 423 598 465 precibus
621 423 699 466 adii,
722 427 766 466 ut,
795 424 824 457 si
851 424 946 458 modo
975 425 1044 458 fieri
1066 430 1187 469 posset,
1209 425 1354 459 codicem
1376 426 1461 459 hunc
1482 426 1733 460 Ambianensem
1756 426 1878 460 Vratis-

102 473 223 507 laviam
245 473 278 506 in
300 483 393 506 usum
415 483 521 507 meum
544 474 802 508 transferendum
819 479 956 509 curaret.
1008 476 1132 515 Quibus
1159 478 1310 520 precibus
1331 478 1381 510 vir
1403 478 1453 511 his
1474 477 1590 511 studiis
1611 478 1731 511 nostris
1752 488 1878 521 promo-

102 524 216 559 vendis
250 525 381 566 egregie
412 525 554 559 intentus
588 527 891 560 benevolentissime
925 527 1055 569 quidem
1093 528 1275 571 respondit,
1308 529 1413 572 ipsum
1446 539 1522 562 vero
1556 528 1700 562 codicem
1734 533 1769 562 ut
1801 529 1877 562 inde

103 575 308 610 nanciscerer
338 575 415 608 mihi
445 586 508 609 non
539 577 688 619 contigit3
712 588 787 611 nam
809 578 908 621 paulo
931 581 1005 621 post
1027 579 1076 612 vir
1098 589 1240 612 summus
1263 589 1297 612 re
1320 581 1439 613 frustra
1459 583 1618 623 temptata
1640 580 1718 613 mihi
1741 579 1877 613 indicari

103 626 212 669 iussit,
245 626 389 660 codicem
422 627 512 660 illum
542 627 586 661 ad
614 638 670 661 eos
702 629 879 671 pertinere,
909 639 990 671 quos
1024 630 1200 664 seeundum
1233 631 1322 672 leges
1350 631 1420 664 eius
1447 630 1663 664 bibliothecae
1695 630 1878 665 hominibus

103 677 224 712 exteris
245 678 450 712 commodare
472 679 605 714 vetitum
629 683 723 714 esset.

254 734 334 775 Iam,
357 744 429 767 cum
445 744 504 767 nec
519 735 590 777 ipse
612 735 674 768 iter
688 735 849 769 Gallicum
872 740 1081 780 suscepturus
1095 738 1156 770 sim
1171 747 1232 771 nec
1253 747 1325 771 cum
1349 738 1488 771 maxime
1509 737 1659 779 habeam,
1682 739 1733 771 cui
1756 737 1878 772 codicis

101 785 135 818 in
161 793 255 818 usum
283 795 389 818 meum
415 786 599 819 accuratius
626 787 834 820 examinandi
861 788 1024 830 negotium
1053 788 1220 830 iniungere
1247 789 1379 832 possim,
1407 792 1517 822 tamen
1544 793 1676 832 propter
1698 789 1878 831 Virgiliana

100 835 159 870 illa
180 846 244 870 non
267 837 328 870 abs
350 846 384 869 re
407 846 478 869 esse
501 837 596 879 duxi,
626 847 666 870 ex
689 838 838 872 Garnerii
865 839 948 872 libro
977 850 1075 882 supra
1097 841 1260 874 nominato
1284 844 1316 873 et
1345 850 1385 873 ex
1414 840 1543 874 schedis
1571 841 1652 874 meis
1674 850 1876 883 componere,

102 886 218 930 quibus
241 887 314 920 libri
337 887 423 920 illius
446 889 655 930 manuscripti
678 890 825 922 notitiam
848 901 920 923 cum
943 891 983 924 iis
1005 891 1188 925 hominibus
1209 892 1323 934 doctis,
1347 892 1400 934 qui
1423 892 1474 925 his
1496 891 1612 925 studiis
1635 901 1765 935 operam
1788 891 1877 933 dant,

101 938 306 981 aliquatenus
328 939 454 981 saltem,
471 949 544 972 cum
560 940 684 982 integre
706 951 771 974 non
786 941 908 983 liceret,
925 943 1194 976 communicarem
1210 953 1339 985 eosque,
1355 954 1489 985 quorum
1510 944 1654 985 interest,
1682 943 1724 976 ad
1740 943 1877 976 eundem

101 989 181 1029 data
202 991 373 1024 occasione
395 991 524 1034 plenius
547 991 800 1025 exhauriendum
823 993 1001 1026 incitarem.

254 1045 395 1079 Primum
418 1046 531 1088 igitur,
555 1057 628 1080 cum
655 1047 804 1080 Garnerii
827 1049 909 1082 liber
932 1049 1020 1092 apud
1043 1053 1203 1083 nostrates
1232 1054 1319 1084 certe
1349 1051 1531 1084 rarissimus
1553 1051 1610 1092 sit,
1638 1051 1773 1084 afferam
1802 1050 1878 1083 inde

100 1095 226 1134 'codicis
238 1097 331 1130 huius
349 1097 577 1131 Ambianensis
595 1098 658 1131 426
671 1098 920 1141 descriptionem
933 1100 954 1132 l.
968 1101 988 1134 l.
1001 1101 1201 1144 propositam
1213 1102 1272 1134 sub
1285 1102 1377 1134 titulo
1393 1102 1505 1134 LIBRI
1521 1101 1877 1142 GRAMATICORVM;

99 1148 234 1186 ,additur
261 1149 462 1191 inscriptioni
492 1149 637 1182 codicem
666 1151 946 1184 membranaceum
981 1162 1052 1185 esse
1081 1152 1205 1186 formae
1233 1153 1463 1194 quaternarias
1492 1153 1642 1186 foliorum
1676 1153 1726 1194 72,
1761 1153 1878 1186 Gorbe—

99 1200 222 1234 iensem
238 1210 324 1233 num.
349 1200 411 1233 190
433 1200 604 1242 signatum.
648 1201 730 1234 Tum
751 1203 911 1245 pergitur:

248 1252 315 1288 ’Χθ
347 1255 456 1289 siecle.
500 1244 646 1290 lficriture
669 1260 688 1288 a
715 1257 849 1299 longues
878 1258 992 1300 lignes,
1021 1258 1063 1291 de
1089 1259 1248 1302 plusieurs
1277 1259 1397 1301 mains3
1426 1260 1581 1301 quelques
1602 1260 1694 1292 titi-es
1716 1269 1756 1292 en
1779 1269 1878 1302 rouge
1896 1269 1923 1296 p.
1942 1262 1994 1288 ³4⁸

100 1311 134 1342 et
153 1318 195 1341 en
216 1310 347 1350 argent3
369 1307 475 1350 partie
498 1308 606 1350 reglce
628 1310 649 1341 ὲ,
671 1308 704 1342 la
726 1309 836 1351 points
859 1309 965 1352 scobe,
989 1310 1093 1353 partie
1116 1321 1180 1343 non
1202 1311 1325 1357 reglee3
1348 1311 1438 1354 point
1460 1310 1502 1343 de
1525 1311 1636 1344 lettres
1659 1314 1837 1344 touruures.

253 1363 298 1396 Oe
321 1363 390 1405 Me„
413 1373 476 1404 que
498 1363 560 1396 l'on
583 1366 696 1396 trouve
719 1363 853 1406 designo
875 1364 959 1398 dans
981 1365 1012 1398 le
1035 1366 1207 1408 catalogue
1230 1366 1271 1399 de
1287 1366 1495 1399 Montfaucon
1518 1377 1592 1399 sous
1614 1367 1646 1399 le
1669 1366 1760 1399 titre:
1782 1366 1876 1399 Libri

103 1413 278 1458 impeffecti
303 1414 505 1456 thrundam
531 1415 821 1457 qramnmticorum,
839 1416 902 1449 cod.
921 1416 1028 1449 memb.
1047 1427 1124 1449 saec.
1149 1417 1179 1457 9,
1203 1420 1235 1450 et
1251 1417 1333 1450 dans
1356 1417 1387 1450 le
1410 1418 1583 1459 catalogue
1605 1417 1648 1450 du
1672 1418 1753 1449 ΧΙΙθ
1778 1417 1878 1450 siecle

101 1466 270 1508 (Nouveau
297 1465 393 1499 traite
422 1465 463 1499 de
491 1465 738 1509 diplomatique)
767 1477 842 1500 sous
864 1468 896 1500 le
918 1467 1007 1500 titre:
1037 1467 1118 1500 Foce
1143 1468 1344 1510 yrammatici
1371 1479 1434 1508 ars,
1463 1469 1604 1502 contient
1627 1473 1741 1511 quatre
1763 1469 1877 1502 traites

100 1527 142 1551 ou
164 1517 269 1560 plutot
291 1519 405 1559 quatre
428 1517 550 1560 parties
571 1517 612 1550 de
635 1517 748 1551 traites
763 1517 805 1550 de
820 1517 928 1551 divers
943 1519 1198 1562 grammairiens‚
1222 1519 1302 1552 dont
1323 1530 1365 1552 un
1388 1521 1468 1561 seul,
1490 1520 1627 1563 Phocas,
1650 1520 1877 1562 grammairien

99 1569 227 1602 celebre
250 1567 293 1600 du
316 1568 375 1599 VI⁶
397 1568 505 1610 siecle,
528 1578 609 1601 nous
632 1572 681 1601 est
703 1578 820 1602 connu.·

252 1625 298 1656 Le
326 1625 466 1667 premier
494 1635 635 1666 ouvrage
664 1628 886 1667 commencant
913 1636 987 1668 par:
1018 1625 1185 1667 Emesitio
1213 1626 1251 1659 de
1272 1626 1382 1668 prima
1410 1626 1626 1659 declinatione.
1651 1626 1765 1659 Prima
1786 1626 1877 1659 dccli-
1898 1632 1925 1667 [f.
1946 1633 2074 1667 1r—25v]

99 1674 188 1709 natio
215 1674 398 1708 nominibus
424 1675 535 1708 latinis
563 1677 628 1716 etc„
657 1676 753 1709 traite
782 1676 840 1709 des
868 1676 938 1709 huit
965 1677 1087 1719 parties
1115 1677 1158 1710 du
1187 1677 1332 1711 discours
1363 1681 1395 1712 et
1417 1678 1459 1711 de
1481 1679 1624 1720 l'accent‚
1648 1678 1670 1710 il
1693 1689 1715 1720 y
1738 1688 1876 1720 manque

99 1727 278 1761 seulement
299 1727 438 1769 quelque
461 1726 602 1760 feuillets
625 1737 666 1760 au
690 1727 809 1760 milieu.
837 1728 842 1771 Ι

255 1783 301 1815 Le
324 1782 494 1816 deuxieme
517 1793 538 1815 a
560 1793 641 1825 pour
663 1783 754 1815 titre:
777 1782 842 1816 Ars
853 1782 928 1825 foce
946 1783 1158 1826 yrammatici.
1898 1812 1923 1846 [s
1946 1778 2098 1846 {62⁹wa

459 1839 521 1871 Ars
544 1848 616 1871 mea
640 1838 811 1871 multorum
834 1842 883 1871 cst
905 1849 984 1880 quos
1007 1841 1117 1872 secula
1140 1840 1249 1883 prisca
1271 1841 1420 1873 tulerunt.
1921 1834 1928 1840 ⁹

457 1889 646 1922 Rednovate
670 1889 736 1934 [leq.
760 1889 825 1923 Sed
850 1900 934 1923 nova
956 1889 999 1934 te]
1023 1891 1165 1924 brevitas
1187 1891 1310 1924 adserit
1331 1902 1403 1925 esse
1427 1902 1540 1924 meam.

253 1947 357 1989 Apres
380 1946 413 1978 la
435 1947 566 1988 prefuce
581 1945 660 1978 dont
675 1955 755 1979 nous
770 1956 892 1979 venons
914 1946 955 1979 de
978 1947 1057 1980 citer
1072 1947 1157 1980 deux
1172 1958 1254 1989 vers,
1278 1948 1365 1980 vient
1388 1948 1418 1980 le
1441 1948 1537 1981 traitc
1560 1947 1681 1989 Incipit
1702 1958 1758 1980 ars
1780 1947 1878 1980 Phoci

99 1997 308 2040 yrammatici-
324 1997 362 2029 de
382 1995 511 2029 nomine
532 1999 562 2028 et
577 1996 689 2036 ‚verbm
711 1997 735 2030 il
758 2007 798 2030 ne
821 1998 966 2030 contient
989 2008 1051 2040 que
1073 2002 1187 2040 quatre
1210 1999 1359 2032 feuillets.

252 2053 299 2085 Le
322 2052 485 2085 troisieme
508 2052 603 2085 traite
619 2062 803 2085 commence
818 2063 893 2095 par:
917 2052 1039 2095 Incipit
1061 2054 1190 2096 epitome
1208 2053 1303 2086 XVI.
1322 2054 1469 2086 Maronis
1490 2054 1657 2087 ordinaria
1679 2054 1717 2086 de
1730 2054 1877 2096 capienti.
1898 2052 1927 2086 [f.
1950 2051 2100 2087 30‘47']

102 2106 163 2137 toto
198 2103 326 2146 proficit
357 2103 396 2136 in
418 2102 490 2145 polo
521 2105 638 2135 nostroe
670 2104 916 2137 commmatio
948 2104 1136 2138 litteratam-«e
1167 2115 1227 2147 que
1258 2116 1325 2138 non
1358 2106 1572 2147 pecuniarum
1602 2108 1799 2138 contrectans
1825 2106 1879 2139 eod

103 2154 268 2197 sapientiae
294 2156 432 2196 quaeetus
460 2154 694 2187 raciocinarum
723 2157 777 2187 etc.
808 2155 860 2199 [cf.
890 2166 919 2188 v.
949 2157 969 2188 l.
1002 2167 1033 2198 p.
1058 2156 1117 2201 sq.]
1163 2158 1221 2190 Cet
1249 2167 1390 2199 ouvrage
1417 2158 1591 2200 incomplet
1619 2157 1793 2200 compi-end
1821 2157 1876 2190 dix

100 2207 273 2250 ohapitres,
296 2205 376 2239 dont
397 2206 428 2239 le
451 2206 588 2245 dernier,
611 2206 795 2249 incomplet,
818 2218 838 2240 a
861 2217 941 2249 pour
964 2207 1053 2240 titre:
1076 2208 1126 2240 De
1146 2208 1378 2240 soinderatimw
1401 2210 1556 2240 tonorum.

253 2266 346 2299 Enfin
370 2266 401 2299 le
423 2265 552 2299 dernier
575 2276 759 2300 commence
782 2277 856 2310 par:
880 2267 925 2299 In
939 2267 1069 2300 nomine
1083 2267 1141 2300 ihu
1155 2268 1211 2299 xri
1226 2267 1339 2309 incipit
1353 2268 1391 2300 de
1404 2267 1542 2300 mnnine.
1587 2267 1702 2300 Partes
1723 2267 1878 2301 orationis
1897 2270 1955 2305 [fol.
1968 2269 2098 2304 ter-⁷21

101 2317 184 2361 quod
203 2319 283 2351 sunt
304 2319 368 2350 octo
390 2327 450 2358 que
470 2327 595 2357 nomen,
618 2319 672 2350 etc.
721 2318 877 2358 Quomodo
899 2318 1053 2358 definitur
1074 2329 1189 2351 nomen
1212 2319 1258 2351 ita
1279 2319 1416 2352 donatus
1437 2318 1523 2352 dicit.

253 2373 342 2407 Nous
371 2373 484 2406 avions
512 2383 567 2406 cru
596 2383 658 2415 que
685 2374 716 2406 le
746 2384 818 2407 nom
849 2374 890 2406 de
918 2374 1060 2407 Maronis
1089 2375 1220 2417 pouvait
1251 2375 1324 2407 bien
1353 2376 1421 2408 etre
1444 2375 1523 2407 ecrit
1545 2374 1586 2407 ici
1609 2385 1691 2417 pour
1712 2374 1877 2414 Varronis,

101 2424 182 2458 mais
205 2424 236 2457 le
260 2425 356 2457 traite
378 2423 457 2457 dont
478 2425 501 2457 il
525 2424 618 2466 s'agit
639 2425 690 2458 n’a
712 2425 803 2467 point
832 2426 863 2458 le
886 2425 1032 2458 moindre
1054 2429 1188 2468 rapport
1210 2435 1290 2459 avec
1316 2426 1399 2459 celui
1422 2425 1465 2458 du
1488 2425 1717 2467 grammairien
1739 2421 1845 2458 latin.'
