2138 2748
1154 273 1194 304 42

433 374 713 408 BERNARDUS
737 373 912 405 BEYER.
958 372 1170 406 Privatim.
1222 374 1270 406 De
1298 375 1510 407 architectura
1538 375 1704 407 rusticana
1732 375 1937 416 hydraulica,
1967 384 2063 416 prae·
2122 374 2138 402 ·]

282 430 374 470 cipae
390 429 428 460 de
446 428 642 460 derivatione
665 436 822 467 aquarum
845 435 908 466 per
936 424 1026 457 tubos
1053 425 1290 465 subterraneos,
1317 427 1356 457 de
1379 429 1550 467 pratorum
1578 426 1766 467 irriyatione
1794 429 1823 458 et
1850 426 1889 458 de
1917 435 2066 467 ayyemm

284 480 509 518 eaestructione,
533 479 571 510 de
593 487 817 509 mensurarum
838 477 963 508 ratione
986 479 1015 507 et
1037 475 1205 508 libratione
1228 475 1373 508 disseret
1395 480 1447 508 ter
1469 487 1530 518 per
1552 476 1655 509 hebd.

433 527 685 561 EDUARDUS
708 526 907 559 KAYSER.
939 525 1085 558 Gratis
1099 526 1125 558 Ι.
1154 527 1204 558 De
1226 527 1380 558 silvarum
1403 528 1732 559 administrandarum
1754 528 1879 560 ratione
1895 527 2067 569 praefatus

283 582 321 613 de
344 581 512 622 arboribus
535 581 690 612 silvarum
715 578 979 611 Germanicarum
1003 576 1149 609 disseret
1171 577 1203 609 d.
1226 577 1310 610 Lun.
1335 577 1367 608 h.
1383 578 1442 610 ΠΙ.
1459 582 1492 609 et
1506 577 1566 611 IV.
1599 577 1799 610 Privatim
1821 577 1862 610 11.
1905 577 2066 610 Siloamm

282 634 398 665 cultam
421 631 579 664 tractabit
602 630 634 663 d.
658 630 758 661 Mart.
781 629 814 662 h.
837 629 894 660 111.

435 680 747 714 BERTHOLDUS
771 679 918 712 STEIN.
966 678 1144 711 Publice
1174 682 1214 710 et
1236 679 1364 721 gratis
1398 680 1650 712 Horticaltaram
1677 680 1909 712 oeconomicam
1931 678 2072 710 docebit

284 734 315 766 d.
338 735 410 767 Iov.
433 734 467 765 h.
490 734 548 766 ΙΠ,
572 738 606 764 et
627 732 687 765 IV.

823 938 1131 982 LECTORES
1163 939 1529 982 LINGUARUM.

437 1069 652 1101 RAPHAEL
683 1067 1025 1105 LOEWENFELD,
1064 1068 1122 1099 Dr.
1179 1067 1374 1099 Privatim
1402 1068 1427 1100 I.
1475 1068 1709 1100 Grammaticae
1742 1068 1870 1109 linquae
1900 1067 2074 1100 Polonicae
2137 1090 2138 1093 =

282 1127 409 1165 partem
424 1123 450 1154 I.
475 1125 624 1163 exponet
637 1125 670 1152 et
685 1121 927 1152 exercitationes
944 1120 1114 1151 Polonicas
1136 1118 1368 1151 moderabitur
1383 1123 1434 1151 ter
1448 1129 1509 1161 per
1520 1118 1622 1150 hebd.
1645 1118 1844 1150 Privatim
1865 1118 1908 1151 11.
1930 1118 2074 1159 Linyuae

285 1175 442 1207 Russicae
465 1173 615 1204 elementa
645 1171 784 1202 docebit
805 1175 857 1202 ter
879 1180 941 1212 per
961 1170 1063 1202 hebd.

439 1222 649 1256 CAROLUS
673 1221 935 1258 LENTZNER,
961 1221 1019 1255 Dr.
1070 1221 1212 1253 Gratis
1235 1222 1261 1254 I.
1305 1222 1354 1253 De
1381 1222 1484 1262 yentis
1512 1221 1653 1253 Scoticae
1680 1220 1875 1252 carminibus
1904 1229 2074 1261 eorumque

286 1278 422 1309 historia
439 1275 584 1307 disseret
599 1273 631 1307 d.
648 1274 746 1306 Mart.
763 1273 796 1306 h.
812 1274 871 1306 XI.
908 1273 1105 1304 Privatim
1121 1273 1162 1305 ΙΙ.
1200 1273 1314 1304 Poesis
1329 1273 1482 1313 Anylicae
1497 1273 1664 1304 historiam
1678 1273 1752 1303 inde
1764 1271 1803 1304 ab
1818 1272 1940 1304 saeculi
1949 1270 2073 1303 XVIII.

287 1329 378 1359 initio
405 1337 506 1368 usqae
533 1327 576 1358 ad
601 1329 746 1357 nostram
774 1328 907 1357 aetatem
934 1324 1104 1356 enarrabit
1132 1323 1164 1356 d.
1181 1323 1265 1355 Lun.
1290 1327 1324 1355 et
1338 1323 1442 1356 Merc.
1466 1323 1499 1354 h.
1522 1323 1580 1355 XI.
1608 1323 1666 1355 111.
1689 1323 1739 1354 De
1766 1323 1876 1363 linqua
1904 1325 1934 1354 et
1961 1322 2073 1354 litteris

287 1379 444 1419 Anylicis,
468 1377 578 1419 quales
600 1377 635 1408 in
657 1376 807 1408 America
829 1376 1070 1417 septentrionali
1084 1377 1212 1415 florent,
1236 1376 1406 1416 praefatus
1429 1375 1636 1416 Longfellowi
1658 1375 1754 1406 vitam
1777 1373 1946 1405 enarrabit
1968 1376 2072 1415 atque

288 1432 356 1462 eius
386 1439 484 1470 opera
514 1427 734 1470 perlustrabit
757 1426 788 1459 d.
812 1427 896 1459 Lun.
920 1431 954 1458 et
972 1427 1043 1458 Iov.
1067 1426 1100 1459 h.
1116 1426 1176 1459 VI.
1230 1426 1520 1458 Privatissime
1559 1430 1598 1457 et
1632 1425 1765 1468 gratis
1797 1424 1857 1458 IV.
1912 1425 2074 1465 Laesiayii

288 1481 483 1512 comoediam
504 1479 644 1519 „Minna
666 1488 727 1510 von
748 1477 947 1509 Barnhelm“
968 1478 1158 1518 inscriptam
1185 1471 1469 1508 commilitonibus
1492 1476 1688 1508 vertendam
1718 1479 1890 1518 proponet
1917 1475 1950 1508 d.
1972 1474 2074 1507 Mart.

287 1531 320 1563 h.
348 1530 407 1562 VI.
453 1530 496 1562 V.
543 1528 680 1561 Olivarii
718 1528 895 1560 Goldsmith
939 1529 1133 1560 comoediam
1165 1527 1255 1568 „She
1281 1532 1390 1569 stoops
1418 1532 1448 1560 to
1478 1530 1642 1570 conquerss‘
1673 1528 1862 1569 inscriptam
1893 1526 1942 1559 ita
1974 1526 2074 1558 inter·

288 1581 487 1624 pretabitur,
510 1585 548 1612 ut
569 1579 783 1612 auditoribus
801 1583 1005 1622 potestatem
1023 1578 1127 1610 faciat
1143 1579 1286 1622 Anglice
1305 1583 1339 1611 et
1355 1579 1520 1622 loquendi
1539 1584 1573 1611 et
1590 1577 1771 1620 scribendi,
1795 1578 1828 1611 d.
1842 1577 1941 1610 Mart.
1952 1577 1987 1611 h.
2000 1576 2073 1610 VH.

442 1733 593 1766 IULIUS
618 1733 895 1774 SCHAEFFER,
920 1733 978 1765 Dr.
1002 1732 1093 1764 Prof.
1132 1733 1274 1765 Gratis
1296 1734 1321 1766 I.
1355 1733 1478 1765 *Cantus
1501 1733 1673 1773 evanyelici
1695 1733 1901 1765 ecclesiastici
1922 1732 2075 1764 historiae

283 1787 425 1828 primam
435 1789 562 1827 partem
585 1785 754 1816 enarrabit
777 1785 810 1818 d.
825 1785 929 1818 Merc.
946 1785 1050 1817 h.111.
1084 1784 1126 1816 11.
1153 1785 1262 1817 Artem
1279 1785 1429 1826 pluribus
1452 1784 1580 1816 vocibus
1603 1785 1792 1816 concinendi
1815 1783 1953 1815 docebit
1971 1782 2076 1815 semel

288 1848 350 1879 per
364 1837 466 1869 hebd.
491 1837 578 1867 binis
601 1836 695 1867 horis
720 1835 786 1868 def.

439 1886 659 1918 AEMILIUS
682 1886 823 1923 BOHN,
848 1887 907 1920 Dr.
954 1886 1092 1918 Gratis
1115 1886 1140 1919 Ι.
1185 1887 1275 1918 Artis
1297 1886 1501 1918 harmonicae
1517 1890 1646 1928 partem
1667 1887 1838 1918 secandam
1863 1885 2001 1918 docebit
2022 1885 2075 1916 bis

288 1949 351 1980 per
373 1938 476 1970 hebd.
500 1938 533 1970 h.
551 1938 615 1970 def.
654 1937 694 1969 II.
723 1939 901 1970 Historiam
923 1939 1064 1970 musicae
1087 1938 1319 1969 ecclesiasticae
1342 1937 1512 1969 enarrabit
1534 1937 1637 1969 semel
1660 1947 1721 1979 per
1743 1937 1845 1970 hebd.
1868 1936 1901 1970 h.
1918 1935 1985 1969 def.
2017 1937 2075 1968 111.

292 1991 421 2031 Oryano
451 2000 565 2022 canere
589 1989 727 2021 docebit
749 1989 802 2021 bis
825 2000 886 2031 per
908 1989 1011 2021 hebd.
1034 1988 1067 2021 h.
1093 1988 1159 2020 def.

447 2161 562 2191 Artem
578 2170 700 2195 rerum,
718 2169 806 2201 quae
822 2158 866 2190 ad
881 2158 1027 2202 physica
1042 2160 1222 2202 pertinent,
1247 2158 1521 2190 delineandarum
1547 2158 1685 2190 docebit
1699 2159 1915 2198 Assmann,
1932 2148 2079 2190 taxiderss

292 2211 387 2244 miam
415 2212 618 2251 Tiemann,
642 2214 747 2242 artem
770 2210 932 2242 batuendi
955 2211 1142 2250 Pfeiffer.

444 2262 660 2294 Bibliotheca
705 2261 899 2293 academica
931 2261 1071 2293 lecturis
1104 2262 1237 2303 patebit
1259 2261 1413 2303 quotidie
1436 2261 1469 2293 h.
1493 2260 1683 2297 IX.—111.,
1717 2259 1825 2291 libros
1858 2259 2014 2302 petituris
2043 2264 2077 2291 et

291 2313 476 2344 reddituris
505 2313 537 2344 h.
567 2312 765 2355 ΧΙ.-1112.
815 2312 925 2355 Leges
963 2312 1092 2344 indicat
1132 2312 1262 2344 scheda
1301 2313 1333 2344 iu
1375 2311 1530 2343 conclavi
1579 2311 1701 2343 studiis
1740 2311 1853 2343 dicato
1887 2311 2077 2354 proposita.

291 2364 506 2395 Bibliotheca
541 2364 773 2395 studiosorum
806 2363 946 2406 propria
980 2363 1110 2405 patebit
1144 2363 1298 2406 quotidie
1332 2364 1374 2395 ab
1404 2363 1439 2396 h.
1463 2364 1505 2395 Π.
1528 2373 1639 2405 usque
1668 2362 1713 2394 ad
1739 2362 1773 2395 h.
1795 2361 1855 2394 IV.
1910 2361 2077 2405 Reliquae

294 2415 397 2446 huius
431 2415 524 2447 urbis
555 2415 798 2452 bibliothecae,
838 2414 1078 2458 Rehdigerana
1112 2426 1187 2447 cum
1220 2415 1392 2458 Burgiana
1425 2415 1639 2451 consociata,
1680 2414 1761 2446 item
1795 2423 1851 2451 ea,
1891 2423 1980 2456 quae
2013 2411 2078 2445 suit

296 2466 340 2497 ad
375 2466 491 2498 aedem
522 2466 556 2499 S.
586 2466 800 2503 Bernardini‚
837 2466 984 2509 denique
1017 2467 1133 2506 tertia,
1169 2477 1257 2509 quae
1291 2466 1333 2497 ad
1368 2465 1485 2497 aedem
1520 2465 1554 2498 S.
1583 2465 1712 2497 Mariae
1744 2463 1970 2506 Magdalenae
2001 2462 2076 2501 fuit,

291 2518 325 2549 in
348 2528 471 2549 novam
496 2518 620 2549 curiam
644 2517 827 2550 translatae
851 2518 1017 2559 patebunt
1040 2517 1193 2560 quotidie
1215 2517 1294 2549 inde
1318 2517 1359 2548 ab
1384 2516 1416 2548 h.
1440 2517 1482 2548 X.
1506 2527 1616 2559 usque
1640 2515 1684 2548 ad
1707 2515 1740 2548 h.
1763 2515 1805 2548 ΙΙ.
