2138 2748
1149 255 1190 287 40

426 356 621 389 IACOBUS
645 357 1004 395 FREUDENTHAL,
1030 357 1087 391 Dr.
1109 358 1145 391 P.
1169 358 1204 390 P.
1230 358 1267 391 Ε.
1312 358 1486 391 Publice
1508 359 1534 390 I.
1571 359 1825 391 Exercitationes
1843 359 2053 401 philosophas

277 410 314 441 de
332 408 540 450 psychologia
552 409 734 441 Aristotelis
750 408 916 440 moderari
933 413 1052 453 perget
1068 409 1100 442 d.
1117 409 1215 442 Mart.
1237 409 1271 442 h.
1288 409 1346 442 VI.
1370 409 1568 441 Privatim
1585 411 1626 443 H.
1649 410 1827 442 Historiam
1835 410 2058 452 philosophiae

275 461 462 493 recentioris
487 459 655 491 enarrabit
678 459 710 492 d.
734 459 818 493 Lun.
842 460 940 493 Mart.
965 461 1067 494 Merc.
1090 461 1162 492 Iov.
1186 461 1218 493 h.
1244 461 1284 492 V.

427 518 600 550 VICTOR
623 519 684 550 DE
708 519 920 557 RICHTER,
945 520 1003 553 Dr.
1027 520 1063 553 P.
1088 520 1122 553 P.
1146 520 1184 552 E.
1230 520 1427 552 Privatim
1451 520 1474 552 Ι.
1515 520 1674 552 Chemiam
1697 530 1866 563 corporum
1889 532 1909 553 a
1930 521 2058 554 benzole

275 571 490 602 derivatorum
519 570 631 601 tradet
659 570 711 602 bis
740 581 800 612 per
828 570 929 602 hebd.
976 571 1118 603 Gratis
1139 572 1181 603 II.
1226 573 1392 613 Principia
1415 572 1554 604 chemiae
1576 575 1724 613 exponet
1746 571 1850 603 semel
1873 583 1933 614 per
1955 572 2056 605 hebd.

429 630 560 662 HUGO
584 630 787 668 WEISKE,
813 631 870 664 Dr.
896 631 929 664 P.
953 631 989 664 P.
1013 631 1052 664 E.
1098 631 1267 662 Publice
1290 632 1315 663 I.
1364 632 1414 663 De
1436 631 1612 663 actionibus
1635 631 1783 663 chemicis
1806 632 1849 663 ad
1871 631 2056 664 animalium

273 683 476 714 nutritionem
500 682 714 723 spectantibus
738 682 883 714 disseret
907 681 938 714 d.
963 682 1033 714 Sat.
1058 682 1091 714 h.
1115 681 1173 714 XI.
1223 682 1423 714 Privatim
1445 683 1486 714 Π.
1525 682 1745 714 Zoochemiam
1768 681 1905 713 docebit
1928 681 1960 715 d.
1982 683 2055 715 Iov.

276 738 310 764 et
327 732 409 765 Ven.
433 732 466 765 h.
484 731 543 764 XI.
588 731 644 765 111.
690 734 944 765 Eoeercitationes
968 734 1123 765 chemicas
1144 734 1187 765 ad
1208 734 1437 775 agriculturam
1454 734 1651 774 pertinentes
1675 732 1904 765 moderabitur
1927 732 2055 766 d.Lun.
2099 755 2102 759 -

277 784 375 817 Mart.
399 784 504 816 Mero.
527 783 598 815 Iov.
623 783 709 816 Ven.
733 783 766 816 h.
789 785 915 816 IL—V.

427 842 687 875 RICHARDUS
711 843 979 880 METZDORF,
1008 843 1064 876 Dr.
1088 843 1125 875 P.
1148 843 1183 875 P.
1207 843 1247 875 E.
1292 843 1464 874 Publice
1487 844 1511 875 1.
1551 843 1844 876 Demonstrationes
1867 844 1910 876 ad
1930 844 2057 876 morbos

276 895 461 927 animalium
477 895 718 926 domesticorum
730 895 924 935 pertinentes
946 894 1100 926 instituet
1117 894 1219 925 semel
1235 904 1296 936 per
1312 894 1412 926 hebd.
1437 894 1468 926 h.
1487 893 1553 926 def.
1581 893 1775 926 Privatim
1791 895 1831 927 11.
1856 895 2058 927 Anatomiam

277 950 307 978 et
330 946 564 987 physiologiam
595 946 782 977 animalium
810 946 1054 977 domesticorum
1083 945 1221 977 docebit
1251 950 1370 988 quater
1393 956 1453 987 per
1477 945 1576 977 hebd.
1601 945 1634 977 h.
1658 945 1724 978 def.
1768 947 1824 978 III.
1869 947 1918 978 De
1940 946 2058 978 morbis

276 998 469 1038 contagiosis
496 996 682 1028 animalium
711 995 856 1028 disseret
884 996 937 1028 bis
966 1007 1027 1038 per
1056 996 1156 1029 hebd.
1186 997 1218 1029 h.
1248 996 1314 1029 def.
1363 996 1655 1028 Privatissime
1682 996 1742 1030 IV.
1795 997 1834 1028 In
1864 997 2056 1030 laboratorio

277 1049 413 1080 instituti
435 1048 621 1079 veterinarii
643 1057 780 1089 operam
805 1046 934 1079 daturis
958 1047 1066 1080 aderit
1088 1048 1141 1080 bis
1165 1058 1225 1090 per
1247 1047 1349 1080 hebd.
1372 1047 1405 1080 h.
1429 1046 1495 1080 def.

430 1106 670 1139 SIGFRIDUS
694 1106 1061 1145 FRIEDLAENDER,
1086 1107 1143 1139 Dr.
1160 1108 1196 1139 P.
1213 1107 1248 1139 P.
1266 1107 1305 1140 E.
1342 1107 1517 1139 Publice
1540 1108 1564 1139 I.
1603 1108 1652 1139 De
1673 1107 1768 1140 rebus
1791 1107 2058 1140 combustibilibus

278 1159 422 1191 disseret
445 1158 476 1190 d.
502 1158 572 1190 Sat.
596 1158 629 1191 h.
653 1157 695 1189 X.
742 1158 939 1190 Privatim
975 1160 1015 1191 ΙΙ.
1060 1159 1221 1192 Alcoholis
1249 1163 1278 1190 et
1306 1159 1454 1191 sacchari
1473 1159 1724 1198 fabricationem
1753 1157 1891 1191 docebit
1917 1158 1950 1192 d.
1973 1159 2057 1191 Lun.

278 1211 377 1243 Mart.
401 1210 503 1242 Mere.
528 1209 560 1242 h.
583 1209 642 1241 XI.
687 1210 744 1242 III.
767 1211 805 1241 In
828 1210 1022 1242 laboratorio
1050 1210 1260 1250 technologico
1289 1220 1425 1252 operam
1457 1210 1584 1242 daturis
1614 1209 1722 1241 aderit
1744 1210 1848 1241 ternis
1872 1220 1933 1253 per
1954 1209 2057 1243 hebd.

279 1262 399 1294 dlebus
423 1260 701 1344 kPRIIIIID·EoltsslxlS
730 1311 1061 1353 HOLDEFLEOES,
1096 1312 1154 1344 Dr.
1182 1312 1218 1345 P.
1241 1312 1277 1345 P.
1300 1312 1340 1345 Ε.
1396 1312 1571 1344 Publice
1594 1313 1618 1344 Ι.
1665 1313 1828 1344 Lanarum
1850 1313 2060 1353 cognitionem

279 1364 417 1397 docebit
440 1363 471 1395 d.
491 1363 594 1395 Merc.
617 1363 650 1395 h.
667 1363 726 1395 IV.
757 1363 959 1394 Privatim
980 1364 1021 1395 II.
1051 1364 1224 1396 Doctrinae
1239 1365 1453 1404 ayriwltwme
1464 1367 1591 1405 partem
1611 1364 1789 1405 generalem
1804 1363 1917 1395 tradet
1931 1363 2058 1396 d.Lun.

278 1417 311 1450 h.
334 1416 393 1447 IX.
417 1419 451 1446 et
471 1415 524 1456 X„
546 1414 646 1446 Mart.
671 1418 704 1445 et
725 1414 828 1446 Merc.
851 1414 884 1447 h.
909 1414 984 1447 XII.
1028 1415 1085 1447 111.
1130 1415 1178 1447 De
1199 1415 1397 1455 graminibus
1419 1416 1454 1446 in
1473 1416 1580 1456 pratis
1602 1414 1910 1447 colendis-disseret
1933 1415 1966 1448 d.
1986 1414 2057 1447 Sat.

279 1469 312 1500 h·
337 1467 411 1499 XH-
432 1515 678 1549 CONRADUS
703 1516 901 1552 ZACHER,
926 1516 983 1548 Dr.
999 1517 1036 1549 P.
1052 1517 1087 1548 P.
1106 1516 1145 1549 E.
1189 1516 1385 1548 Privatim
1408 1518 1433 1549 I.
1462 1518 1673 1559 Antiquitates
1690 1518 1838 1558 privatas
1863 1517 2060 1551 Graecorum

278 1569 393 1602 tradet
415 1568 447 1599 d.
471 1568 555 1600 Lun.
576 1568 648 1599 Iov.
667 1567 750 1599 Ven.
774 1567 806 1599 h.
823 1567 883 1600 IX.
938 1567 1230 1600 Privatissime
1255 1572 1293 1599 et
1316 1568 1445 1611 gratis
1469 1568 1508 1600 11.
1554 1568 1780 1610 Aristophanis
1802 1569 1934 1610 Equites
1957 1568 2059 1600 inter-

281 1620 467 1664 pretabitur
491 1618 659 1650 adiunctis
683 1619 982 1650 exercitationibus
1006 1619 1093 1650 binis
1117 1630 1178 1661 per
1201 1618 1302 1652 hebd.
1326 1619 1358 1651 h.
1383 1619 1449 1651 def.

431 1678 709 1711 LEONARDUS
734 1678 913 1716 WEBER,
942 1679 997 1711 Dr.
1021 1679 1056 1711 P.
1080 1678 1116 1711 P.
1140 1679 1179 1711 Ε.
1225 1678 1399 1710 Publice
1423 1680 1447 1711 Ι.
1485 1679 1731 1711 Photometriam
1754 1682 1902 1721 exponet
1925 1678 1958 1712 d.
1975 1679 2059 1712 Lun.

280 1731 385 1764 h.111.
420 1730 620 1762 Privatim
643 1731 684 1762 Π.
713 1730 888 1770 Corporum
910 1731 1087 1771 rigidorwm
1109 1733 1138 1761 et
1152 1730 1329 1770 fluidorum
1350 1730 1552 1762 mechanicen
1575 1729 1714 1761 docebit
1737 1734 1856 1772 quater
1879 1740 1940 1772 per
1956 1729 2059 1764 hebd.

280 1783 312 1814 h.
337 1782 412 1814 ΧΠ.
467 1782 524 1813 ΙΙΙ.
578 1782 827 1822 Disquisitiones
856 1782 1007 1822 physicas
1035 1781 1215 1822 singulares
1245 1781 1448 1812 instituturis
1475 1780 1584 1812 aderit
1611 1780 1765 1823 quotidie
1791 1781 1824 1812 in
1850 1780 2058 1815 laboratorio

282 1834 325 1876 ph
354 1833 436 1865 sico.

329 1845 351 1877 y
433 1883 671 1915 ALFREDUS
707 1882 1048 1920 HILLEBRANDT‚
1078 1883 1136 1916 Dr.
1159 1883 1195 1916 P.
1220 1883 1254 1915 P.
1278 1883 1317 1915 E.
1362 1883 1536 1914 Publice
1558 1883 1584 1915 I.
1629 1881 1808 1924 Scriptores
1830 1883 1959 1915 Indicos
1977 1884 2059 1923 faci-

279 1938 375 1968 liores
399 1936 478 1967 lectn
500 1934 777 1977 interpretabitur
800 1934 831 1966 d.
856 1935 939 1966 Lun.
955 1934 1055 1967 Mart.
1073 1935 1142 1966 Sat.
1167 1934 1199 1966 h.
1217 1934 1291 1967 XII.
1342 1933 1537 1965 Privatim
1567 1933 1607 1965 11.
1651 1934 1815 1966 Elementa
1835 1935 2061 1974 grammaticae

280 1990 481 2029 comparatae
505 1985 616 2017 tradet
639 1986 670 2017 d.
694 1986 778 2018 Lun.
803 1986 901 2019 Mart.
925 1986 1028 2019 Mero.
1058 1986 1088 2019 h.
1116 1986 1171 2018 VI.

434 2045 646 2077 OSKARUS
663 2045 903 2083 ERDMANN,
930 2046 987 2079 Dr.
1002 2046 1038 2079 P.
1055 2046 1090 2077 P.
1106 2047 1144 2078 E.
1169 2044 1340 2077 Publice
1363 2046 1387 2077 I.
1410 2046 1512 2086 Epos,
1535 2045 1587 2076 cui
1603 2045 1791 2084 inscriptum
1803 2047 1849 2076 est
1860 2043 2060 2086 „Gadrstn‘S

279 2097 556 2139 interpretabitur
578 2096 611 2128 d.
625 2096 722 2129 Mart.
740 2101 773 2128 et
790 2096 874 2130 Ven.
891 2096 924 2128 h.
940 2096 999 2130 IV.
1033 2097 1232 2129 Privatim
1255 2098 1297 2129 II.
1326 2097 1490 2128 Elementa
1511 2096 1638 2137 linguae
1661 2095 1839 2127 theodiscae
1860 2095 1981 2128 saeculi
2001 2096 2060 2128 IX.

283 2149 420 2179 docebit
436 2152 469 2179 et
484 2149 629 2180 carmina
644 2149 784 2180 eiusdem
802 2149 952 2189 tem-poris
968 2149 1081 2180 selecta
1097 2148 1372 2190 interpretabitur
1389 2146 1443 2178 vel
1459 2145 1711 2188 interpretanda
1727 2150 1897 2188 proponet
1913 2146 1945 2179 d.
1961 2146 2060 2179 Mart.
2074 2151 2077 2158 '

283 2204 316 2231 et
327 2199 413 2231 Ven.
430 2199 463 2232 h.
479 2199 546 2235 III..
572 2198 604 2231 d.
622 2199 725 2231 Merc.
748 2198 780 2231 h.
797 2199 854 2230 III.
872 2202 906 2230 et
919 2198 979 2231 IV.
1023 2199 1080 2231 ΠΙ.
1119 2199 1228 2231 Artem
1249 2200 1412 2231 metricam
1428 2202 1596 2240 poetarum
1611 2199 1844 2230 Germanorum
1867 2197 2005 2230 docebit
2027 2198 2060 2231 d.

281 2252 364 2284 Lun.
389 2255 422 2283 et
445 2251 515 2283 Iov.
538 2251 571 2284 h.
597 2251 652 2283 111.

434 2301 678 2334 AUGUSTUS
702 2301 1008 2340 SCHMARSOW,
1037 2302 1096 2333 Dr.
1119 2301 1155 2332 P.
1180 2301 1215 2333 P.
1239 2301 1277 2333 E.
1333 2299 1510 2332 Publice
1532 2301 1556 2331 I.
1585 2300 1872 2342 Chalcographicae
1894 2300 2060 2332 historiam

282 2355 356 2385 inde
379 2357 417 2385 ab
441 2355 542 2385 initiis
566 2353 779 2385 adumbrabit
801 2353 854 2385 bis
878 2363 938 2395 per
954 2352 1055 2384 hebd.
1079 2352 1111 2384 h.
1129 2352 1196 2385 def.
1223 2351 1419 2383 Privatim
1435 2351 1475 2383 II.
1503 2351 1652 2383 Picturae
1675 2351 1762 2392 apud
1775 2351 1874 2383 Italos
1896 2350 2061 2383 historiam

282 2405 356 2436 inde
390 2405 428 2436 ab
460 2405 544 2436 Iocto
577 2415 678 2446 usque
710 2406 752 2436 ad
778 2405 971 2446 Raphaelem
1007 2404 1191 2446 explicabit
1220 2403 1272 2434 bis
1302 2413 1359 2445 per
1386 2402 1488 2434 hebd.
1519 2403 1551 2434 h.
1582 2401 1647 2434 def.
1693 2401 1984 2434 Privatissime
2021 2406 2062 2433 et
2130 2415 2131 2418 ¹

285 2455 418 2497 gratis
448 2455 504 2487 III.
549 2456 719 2487 Francisci
736 2455 891 2487 Albertini
913 2455 1099 2496 opusculum
1122 2456 1160 2487 de
1182 2454 1381 2486 mirabilibus
1402 2464 1503 2486 novae
1524 2453 1614 2485 urbis
1629 2454 1751 2486 Romae
1772 2452 2060 2495 interpretandum

282 2509 454 2550 proponet
475 2505 508 2537 h.
533 2505 598 2537 def.
