2138 2748
196 391 274 417 codd.

1165 279 1202 310 16

443 382 465 413 4·
498 384 530 414 et
563 383 596 423 5)
640 383 670 414 A
697 382 868 414 codicibus
898 381 988 420 OPQ
1026 382 1158 422 longius
1193 383 1320 414 distant
1354 372 1460 414 codex
1485 381 1519 413 R
1544 397 1584 410 =
1610 382 1854 415 Laurentianus
1887 384 2016 416 LXXIV
2049 384 2069 416 5

161 433 189 460 R
208 436 235 460 et
255 432 276 460 S
294 434 397 465 chart.
423 443 509 466 saec.
532 434 739 465 XIII—XIV
770 434 870 475 (conf.
894 433 1051 465 Bandinii
1075 435 1263 475 catalogum
1285 434 1325 466 111
1347 444 1378 474 p.
1401 434 1455 475 52)
1489 434 1546 466 fol.
1572 434 1651 466 163r
1674 444 1746 475 sqq.
1777 436 1812 466 et
1839 435 1946 467 codex
1970 433 1996 466 S
2027 449 2068 462 =

137 1145 274 1172 Editiones

293 484 466 516 Parisinus
505 485 611 525 suppl.
648 495 756 525 graec.
794 486 835 517 35
874 486 978 517 chart.
1017 495 1102 517 saec.
1140 485 1211 517 XVI
1253 485 1360 526 (conf.
1398 485 1438 517 de
1474 485 1539 517 hoc
1575 485 1691 517 codice
1726 486 1908 518 Henricum
1944 486 2071 519 Omont

290 533 489 568 ‘Inventaire
515 535 681 568 sommaire
708 536 761 568 des
787 535 981 568 manuscrits
1008 535 1052 568 du
1079 535 1274 577 supplement
1304 545 1377 577 grec
1404 535 1441 567 de
1468 535 1499 568 la
1527 535 1740 576 Bibliotheque
1768 535 1951 569 Natimmle’
1980 547 2013 578 p.
2036 537 2069 579 6)

294 589 349 620 fol.
370 588 597 626 amr—2422
622 588 677 628 qui
701 588 807 620 codex
831 598 871 619 ex
895 588 969 628 ipso
987 586 1020 618 R
1041 588 1265 628 transcriptus
1289 589 1350 619 est.
1383 587 1568 619 Continent
1583 586 1644 620 RS
1663 587 1807 630 Γαληνοῦ
1822 589 1893 630 περὶ
1908 586 2072 620 ἀναδάεων

292 640 398 671 libros
432 639 648 671 multifariam
682 639 729 671 ita
758 639 791 670 in
822 639 997 680 angustias
1026 639 1195 677 redactos,
1229 641 1265 670 ut
1299 638 1395 670 multi
1428 648 1546 670 versus
1579 639 1792 671 Damocratei
1827 639 2070 678 omitterentur,

293 691 434 723 aliorum
456 691 590 731 poetica
613 690 722 722 oratio
745 700 821 722 cum
842 701 946 731 prosa
968 692 1239 722 commutaretur.
1283 689 1442 721 Diversus
1473 691 1546 722 erat
1574 689 1603 721 is
1627 690 1745 728 codex,
1775 700 1816 722 ex
1839 700 1905 731 quo
1928 689 1962 721 R
1983 690 2072 722 deri-

291 744 387 774 vatus
417 744 478 781 est,
508 743 550 774 ab
581 752 630 781 eo,
660 752 700 773 ex
730 751 795 782 quo
825 741 887 780 ΡΩ
915 741 1074 782 descripti
1105 743 1191 780 sunt,
1220 741 1320 782 paulo
1349 741 1488 781 propius
1516 741 1633 773 aberat
1655 751 1675 773 a
1698 741 1824 774 codicis
1856 741 1883 772 O
1905 741 2069 782 exemplo.

292 794 359 826 Nec
384 803 460 825 raro
483 793 648 833 genuinae
671 792 827 824 lectionis
850 793 885 824 in
909 791 971 831 PQ
994 792 1040 834 (et
1063 793 1097 824 in
1123 792 1162 834 O)
1185 793 1386 824 obscuratae
1401 792 1542 833 vestigia
1561 793 1708 825 servavit
1725 792 1767 831 R,
1791 803 1993 835 quamquam
2015 793 2070 825 hic

293 845 399 876 codex
422 845 572 876 omnium
595 854 754 884 generum
776 844 867 875 vitiis
891 846 1006 875 scatet.

444 943 573 974 Desunt
602 943 670 974 iota
693 938 911 982 ‘subscripta’
941 941 1056 973 omnia
1077 941 1113 973 in
1139 940 1240 980 OPR,
1264 941 1387 974 adsunt
1410 942 1524 974 omnia
1546 942 1582 974 in
1605 941 1638 982 S,
1662 943 1786 975 adsunt
1807 943 1953 984 plurima
1975 942 2011 974 in
2033 941 2068 982 Q.

294 994 454 1026 Codicem
476 1004 580 1025 unum
599 992 765 1034 ‘Regium'
791 993 877 1034 (sine
894 993 995 1025 dubio
1012 992 1051 1034 Q)
1073 993 1203 1033 passim
1219 993 1366 1033 inspexit
1382 993 1448 1024 iam
1465 992 1627 1025 Chartier.
1660 993 1802 1025 Codices
1818 991 1908 1032 PQS
1929 993 2071 1026 contulit

292 1046 482 1086 Leopoldus
507 1045 614 1084 Cohn,
640 1045 791 1076 codicem
814 1043 848 1076 R
868 1044 1033 1076 Ricardus
1056 1043 1297 1083 Reitzenstein,
1321 1044 1473 1076 codicem
1498 1043 1526 1075 O
1547 1044 1620 1085 ipse
1643 1045 1779 1077 contuli.

444 1140 492 1171 De
515 1139 664 1171 editione
684 1139 837 1171 Aldina
865 1148 966 1179 supra
987 1138 1055 1170 dixi
1080 1148 1112 1178 p.
1139 1138 1193 1175 15;
1227 1148 1267 1170 ex
1296 1138 1360 1170 hac
1391 1148 1553 1179 expressa
1585 1139 1850 1171 Basileensis
1883 1138 1966 1171 anni
1989 1138 2071 1171 1538

291 1200 460 1232 perpauca
482 1193 571 1222 recte
595 1191 801 1228 emendavit;
831 1200 893 1222 nee
916 1191 1021 1222 multo
1051 1189 1148 1230 plura
1175 1189 1321 1221 correxit
1351 1189 1561 1229 Chartier,
1588 1190 1764 1222 minimum
1792 1190 1846 1222 his
1873 1189 2070 1231 frag-mentis

291 1242 418 1283 profuit
438 1242 614 1274 Kuehnii
637 1251 750 1282 opera,
773 1242 878 1273 multo
901 1242 976 1281 plus
1000 1241 1169 1282 praestitit
1192 1241 1465 1273 Bussemaker
1488 1241 1589 1281 (conf.
1605 1242 1647 1274 de
1670 1242 1724 1274 his
1742 1242 1850 1274 tribus
1866 1241 2071 1274 editionibus

293 1303 395 1334 supra
415 1303 448 1333 p.
471 1293 501 1325 8.
528 1293 567 1324 14
591 1293 665 1333 sq.).

443 1483 510 1515 Iam
542 1484 726 1523 sequuntur
755 1482 828 1522 ipsa
857 1481 1067 1513 Damocratis
1099 1481 1286 1521 fragmenta
1313 1481 1350 1513 II.
1377 1481 1428 1512 111.
1455 1481 1506 1512 IV.
1535 1481 1613 1520 VIII,
1643 1480 1754 1522 qualia
1776 1480 1820 1513 ad
1843 1480 2006 1520 codicum,
2029 1480 2070 1513 de

293 1534 414 1574 quibus
439 1544 540 1574 supra
563 1533 607 1574 (p.
630 1533 728 1575 4—8)
753 1533 831 1571 dixi,
854 1533 953 1564 fidem
977 1532 1213 1564 constituenda
1235 1532 1318 1564 mihi
1341 1532 1506 1564 videntur.
1553 1531 1702 1564 Conatus
1731 1534 1843 1564 autem
1871 1534 1924 1565 est
1948 1531 2072 1564 Damo-

294 1587 402 1617 crates
427 1585 606 1616 iambicum
629 1585 819 1617 trimetrum
842 1594 911 1616 non
939 1586 1071 1616 tantum
1099 1583 1143 1615 ad
1170 1583 1322 1616 florentis
1351 1583 1466 1624 poesis
1488 1583 1620 1616 Atticae
1643 1593 1798 1616 normam
1821 1593 1989 1623 revocare,
2013 1583 2073 1615 sed

293 1637 393 1668 etiam
417 1646 575 1676 superare
602 1636 732 1668 Atticos
762 1638 794 1667 et
823 1635 978 1667 subtilius
1005 1645 1122 1667 versus
1151 1635 1279 1673 limare„
1303 1644 1404 1676 quam
1426 1637 1505 1666 ante
1528 1645 1604 1667 eum
1626 1634 1826 1667 limaverant
1846 1633 2071 1676 Apollodorus

292 1688 521 1726 Atheniensis,
533 1687 860 1729 Pseudo-ScymnuS,
873 1686 1053 1727 Dionysius
1067 1685 1290 1727 Calliphontis
1309 1686 1406 1724 filius,
1424 1686 1802 1727 Pseudo-Apollodorus
1819 1685 1886 1728 (cui
1900 1685 2073 1728 γῆςπερίο-

293 1739 345 1777 δος
361 1739 510 1778 debetur,
528 1739 615 1770 conf.
627 1739 859 1771 Hermannum
870 1738 960 1770 Diels
978 1738 1013 1770 in
1024 1738 1107 1770 Mus.
1120 1737 1229 1769 Rhen.
1242 1737 1346 1769 XXXI
1360 1747 1393 1778 p.
1406 1737 1426 1769 8
1443 1737 1539 1779 sqq.)‚
1556 1737 1623 1777 alii,
1639 1738 1681 1769 de
1697 1737 1817 1778 quibus
1832 1737 1943 1778 poetis
1959 1736 2072 1769 didac—

292 1791 368 1822 ticis
385 1790 453 1822 dixi
470 1790 504 1822 in
519 1790 694 1831 prooemio
711 1790 813 1822 indici
829 1790 1011 1822 lectionum
1027 1788 1229 1821 aestivarum
1242 1789 1458 1821 Vratislaviae
1473 1798 1503 1820 a.
1519 1789 1599 1821 1887
1615 1789 1803 1829 praemisso
1819 1799 1851 1829 p.
1866 1789 1914 1821 10.
1947 1786 2072 1820 Versus

292 1841 503 1873 Damocratei
535 1841 644 1873 forma
673 1841 807 1882 quidem
836 1842 920 1873 haec
949 1843 1016 1873 est:
1050 1846 1084 1882 ἓξ
1099 1855 1133 1871 υ-υ
1148 1846 1183 1874 ἵῖ
1197 1855 1232 1871 20:
1246 1846 1282 1882 ξ
1304 1840 1308 1882 Ι
1332 1855 1367 1872 ν-υ
1382 1847 1418 1874 ⁸:3³
1441 1840 1444 1882 Ι
1469 1855 1504 1871 κα
1519 1846 1554 1882 ⁹—J
1568 1855 1603 1871 ν-ν
1624 1863 1642 1874 e
1656 1855 1706 1879 L,
1739 1850 1855 1872 verum
1881 1839 2073 1881 proceleus-

293 1893 434 1925 maticus
459 1902 566 1933 neque
589 1892 692 1924 iambi
716 1902 824 1933 neque
847 1893 998 1924 trochaei
1021 1892 1132 1923 Iocum
1155 1894 1296 1933 occupat
1318 1892 1354 1924 in
1376 1893 1444 1924 ulla
1466 1892 1610 1924 trimetri
1634 1892 1724 1931 sede,
1747 1894 1780 1924 et
1802 1891 1979 1933 perpaucis
1998 1900 2073 1923 ver-

294 1944 397 1983 sibus,
421 1944 476 1985 qui
499 1944 649 1984 legitima
677 1954 816 1976 caesura
845 1945 969 1982 carent,
1004 1943 1153 1984 exceptis
1188 1953 1306 1975 omnes
1341 1943 1484 1976 trimetri
1519 1943 1711 1975 inciduntur
1743 1945 1801 1975 aut
1834 1942 2073 1984 semiquinaria

294 2005 432 2027 caesura
454 1997 511 2027 aut
535 1995 827 2036 semiseptenaria;
852 1995 911 2026 sed
935 2005 1010 2027 cum
1033 2004 1103 2026 non
1125 2004 1251 2035 paucos
1274 1994 1495 2027 immiscuerit
1517 1995 1621 2036 pedes
1644 1994 1835 2036 trisyllabos
1857 1995 2072 2036 (anapaestos

292 2047 524 2078 tribrachosve
547 2047 583 2078 in
606 2046 742 2078 sedibus
764 2046 788 2078 Ι.
811 2047 847 2078 Π.
871 2045 920 2078 ΠΙ.
944 2046 994 2078 IV.
1018 2046 1055 2084 V,
1079 2046 1229 2087 dactylos
1254 2046 1288 2077 in
1313 2045 1449 2078 sedibus
1473 2046 1497 2078 I.
1520 2046 1571 2078 ΠΙ.
1594 2046 1644 2087 V),
1671 2056 1756 2085 eam,
1780 2055 1864 2087 quae
1887 2045 2071 2087 legitimam

294 2108 466 2130 caesuram
489 2097 641 2138 proxime
663 2097 845 2139 praecedit,
869 2097 961 2129 arsin
985 2097 1113 2129 duabus
1138 2096 1274 2138 syllabis
1296 2097 1454 2129 brevibus
1479 2096 1564 2128 effici
1585 2096 1721 2138 patitur.
1764 2096 1947 2138 Antiquam
1971 2106 2071 2130 voca-

292 2149 374 2180 lium
396 2159 590 2181 mensuram
614 2149 683 2180 fere
705 2158 943 2189 usquequaque
967 2148 1111 2180 servavit
1134 2148 1370 2186 Damocrates;
1393 2158 1433 2180 eo
1455 2149 1571 2180 tamen
1593 2147 1720 2180 recedit
1734 2148 1777 2180 ab
1792 2158 1857 2180 usu
1871 2146 2078 2189 antiquiores

294 2200 383 2241 quod
405 2200 539 2232 vocales
562 2201 681 2232 breves
706 2200 740 2231 in
764 2199 922 2232 extremis
946 2199 1118 2231 vocabulis
1146 2199 1276 2239 positas
1300 2210 1343 2231 ne
1365 2202 1436 2231 tum
1460 2199 1595 2240 quidem
1618 2199 1812 2231 necessario
1835 2199 2070 2240 producendas

294 2261 369 2283 esse
393 2251 544 2290 eredidit,
568 2261 643 2283 cum
666 2252 857 2292 proximum
879 2251 1078 2283 vocabulum
1109 2250 1237 2282 duabus
1268 2250 1388 2283 litteris
1419 2250 1686 2283 consonantibus
1714 2250 1844 2291 incipit:
1878 2250 1966 2283 conf.
1990 2260 2018 2282 e.
2042 2259 2072 2291 g.

295 2311 410 2351 fragm.
433 2312 460 2342 II
485 2312 523 2342 15
547 2301 622 2343 αὐτό
644 2311 797 2343 σκευάσαι
820 2313 882 2343 etc.
