2046 2748
788 768 924 804 LIBRO
946 769 975 804 Ι.
998 768 1091 804 GAP.
1115 769 1206 805 XVI.
1907 779 1944 811 (p.
1965 778 2007 805 77»

266 837 498 878 Quadripertita]
542 839 637 869 totum
660 838 719 869 hoc
741 841 832 878 caput
853 839 885 869 in
899 839 1070 870 Saturnalia
1093 839 1158 879 [15‚
1183 842 1199 870 3
1217 841 1297 879 sqq.]
1318 842 1525 880 transscripsit
1537 842 1720 873 Macrobius.
1735 842 1786 871 vbi
1801 842 1890 872 etiam
1909 846 1924 879 g
1948 847 1958 872 1

110 881 261 920 quaedam
283 881 503 912 annotauimus.

259 935 300 962 est
322 942 337 962 e
357 932 462 971 porta]
508 933 658 970 quaedam
688 934 912 964 vetustissimae
943 934 1108 972 editionesq
1142 933 1190 964 Ad
1215 938 1329 973 portum
1356 936 1430 965 mitte
1457 937 1477 964 ὰ
1496 939 1583 974 porto
1605 940 1654 966 eat.
1698 937 1924 974 membranae}
1946 940 1960 966 ἰ’

109 977 169 1005 tam
193 974 350 1005 Gellianae
374 984 463 1013 quam
486 976 715 1014 Macrobiana03
737 977 756 1005 ὰ
773 979 862 1015 porta
884 980 932 1007 eat.
966 977 1026 1006 nisi
1052 977 1136 1015 quod
1157 978 1189 1007 in
1217 978 1396 1015 quibusdam
1426 979 1515 1008 etiam
1545 979 1584 1008 sit
1612 979 1776 1009 scribarum
1798 980 1890 1018 vitiog

108 1021 269 1057 asportans.

260 1069 362 1099 exinde
383 1067 554 1108 Salernum]
600 1069 642 1099 ita
671 1078 776 1100 omnes
806 1069 956 1099 editiones
983 1072 1102 1100 veteres
1133 1070 1159 1099 ἃ,
1186 1071 1380 1101 recentiores.
1415 1073 1434 1101 a
1467 1073 1577 1109 quibus
1610 1081 1666 1102 nec
1698 1074 1889 1103 membranae

109 1111 279 1142 discedunt.
322 1112 468 1142 Macrobii
490 1114 591 1142 tamen
614 1113 792 1150 scripturam
817 1112 842 1141 ἀ
863 1113 1016 1150 vulgatam
1039 1113 1064 1142 ἀ
1087 1122 1153 1143 eam
1176 1123 1254 1151 quac
1277 1114 1308 1144 in
1331 1115 1452 1152 optimis
1479 1115 1690 1153 manuscriptis
1713 1116 1797 1146 libris
1820 1125 1889 1146 con-

109 1156 247 1185 seruatur
265 1163 335 1185 sum
358 1157 490 1185 secutus.
523 1164 575 1184 aex
597 1154 662 1184 inde
684 1154 843 1185 Salernum.
876 1155 959 1193 mille,
982 1156 1090 1194 inquit,
1112 1165 1255 1194 passuum
1280 1159 1327 1186 est
1348 1166 1445 1195 vsque
1467 1158 1506 1187 ad
1534 1162 1651 1195 portam
1679 1159 1744 1188 siue
1771 1162 1890 1197 portum

110 1198 223 1236 (neque
246 1197 335 1236 enim,
358 1197 396 1227 de
420 1207 480 1235 quo
503 1198 654 1237 loquatur,
678 1198 753 1228 satis
776 1200 858 1228 certo
881 1198 907 1228 ἃ
929 1202 1082 1236 comperto
1107 1198 1231 1237 scimus)
1260 1199 1330 1229 inde
1353 1209 1425 1230 vero
1455 1202 1473 1229 a
1499 1204 1588 1238 porta
1610 1201 1765 1231 Salernum
1794 1211 1890 1239 vsqne

110 1248 164 1270 sex
186 1242 256 1270 sunt
278 1240 360 1270 milia
381 1249 537 1279 passuum.
570 1250 636 1279 pro⁷
659 1250 711 1270 sea:
733 1240 807 1280 inde,
831 1241 968 1271 fecerunt
989 1242 1104 1271 librarii
1127 1243 1240 1272 omissa
1262 1243 1392 1280 primore
1421 1244 1530 1282 littera⁷
1564 1243 1680 1273 exinde:
1708 1247 1741 1273 vt
1768 1245 1890 1275 econtra

109 1283 141 1313 in
162 1283 344 1314 membranis
366 1283 495 1313 Puteani
518 1286 579 1322 est3
602 1282 773 1322 Saltemam,
795 1293 862 1323 pro,
885 1283 1044 1314 Salernum.

260 1334 343 1372 mille,
367 1335 475 1373 inquit,
497 1335 556 1373 eat]
603 1335 742 1373 agnoscit
764 1335 855 1373 igitur
870 1334 986 1365 Gellius
1009 1336 1052 1365 vti
1068 1335 1093 1365 ἀ
1108 1336 1280 1366 Macrobius
1296 1336 1374 1366 hanc
1389 1337 1420 1366 in
1434 1337 1551 1367 Lucili0
1567 1338 1712 1375 loquendi
1733 1339 1890 1376 rationem,

110 1380 151 1406 eat
171 1376 246 1407 mille
265 1386 381 1416 passus.
417 1386 507 1415 quam
535 1378 567 1407 in
587 1377 753 1408 Lucilianis
776 1378 888 1416 verbis,
910 1379 953 1407 vti
977 1381 1047 1408 sunt
1070 1378 1161 1417 edita,
1183 1388 1333 1417 nusquam
1356 1380 1502 1410 inuenIas.
1538 1390 1598 1418 quo
1629 1381 1700 1410 falsi
1734 1381 1892 1411 damnatur

110 1420 249 1458 superior
269 1423 373 1450 nostra
396 1420 565 1450 emendatio
589 1420 614 1450 ἀ
638 1419 642 1461 Ι
666 1421 937 1459 manuscriptorum
960 1421 1103 1451 librorum
1126 1422 1283 1460 scriptura.
1316 1422 1454 1460 profecto
1478 1423 1601 1461 scripsit
1621 1423 1766 1462 Lucilius,
1789 1427 1821 1453 vt
1843 1427 1891 1454 est
1907 1433 1934 1458 p.
1955 1425 1987 1450 7³⁴

109 1462 140 1492 in
162 1463 382 1501 antiquissimis
405 1463 599 1503 editionibus,
622 1472 698 1501 quas
722 1473 778 1502 ego
802 1464 834 1494 in
857 1465 1034 1502 optimarum
1057 1465 1296 1495 membranarum
1316 1466 1416 1495 locum
1439 1466 1532 1496 duco:

261 1513 309 1543 Ad
327 1517 441 1553 portum
461 1514 536 1544 mille
559 1515 577 1543 ὰ
596 1518 683 1553 porta
705 1518 754 1552 est,
777 1524 829 1544 sem
850 1514 916 1544 inde
937 1513 1098 1546 Salernum.

109 1565 202 1603 Mille,
224 1565 332 1604 iuquit,
353 1574 498 1604 passuum
521 1568 568 1596 est
590 1568 608 1595 a
630 1568 719 1604 porta
741 1566 778 1595 ad
802 1569 930 1605 portum,
955 1568 973 1595 a
995 1569 1084 1604 portu
1099 1567 1173 1596 vero
1189 1567 1346 1597 Salernum
1360 1577 1458 1605 vsque
1474 1577 1527 1598 sex
1543 1569 1635 1599 milia.
1679 1569 1892 1607 Descripserat

109 1607 244 1638 Lucilius
271 1609 348 1638 libro
377 1609 466 1639 tertio
500 1609 672 1647 Satyrarum
702 1609 759 1638 iter
786 1610 889 1639 nescio
914 1609 997 1647 quod
1019 1618 1116 1647 suum,
1140 1610 1224 1647 quod
1246 1619 1312 1640 cum
1336 1611 1495 1641 comitibus
1518 1611 1700 1641 confecerat.
1739 1611 1778 1640 ad
1809 1612 1892 1649 qnod

111 1651 236 1681 comites
258 1651 376 1681 inuitati
397 1652 543 1682 volebant
563 1652 639 1682 illud
661 1652 789 1690 primum
813 1653 871 1682 sibi
894 1652 1055 1690 delineari3
1079 1653 1164 1682 cuius
1188 1653 1367 1683 difficultate
1395 1654 1490 1684 territi
1517 1657 1631 1683 tantum
1654 1663 1714 1683 non
1742 1656 1802 1683 vna
1825 1663 1891 1684 cum

108 1693 225 1724 Lucilio
248 1695 430 1725 recusabant
451 1695 504 1724 ire.
535 1695 659 1725 aiebant
682 1695 761 1724 enim
782 1695 862 1725 inter
885 1698 999 1725 cetera:
1024 1694 1112 1724 Omne
1141 1696 1193 1725 iter
1219 1696 1270 1726 hoc
1294 1701 1334 1726 eat
1356 1696 1493 1726 laborum.
1539 1697 1586 1735 [fr.
1609 1697 1650 1726 VI
1673 1697 1712 1727 M.
1735 1706 1764 1726 v.
1789 1698 1827 1726 88
1843 1697 1890 1735 L.]

109 1745 244 1775 Lucilius
266 1745 464 1784 respondetz'

1088 1798 1218 1836 viamque

321 1838 369 1868 Via
391 1838 555 1878 deyrumun'
576 1842 603 1868 vt
625 1840 727 1869 castrus
748 1849 861 1869 memor
875 1840 951 1878 fucit
974 1840 1048 1870 olim.
1084 1840 1130 1878 [t'r.
1154 1841 1199 1870 111
1220 1841 1261 1872 M.
1283 1850 1312 1872 v.
1337 1842 1376 1871 86
1401 1851 1448 1879 sq.
1470 1842 1516 1879 L.]

111 1881 176 1931 Vis,
199 1881 306 1931 inquit,
329 1891 391 1911 non
413 1882 500 1912 aliter
520 1882 577 1912 tibi
599 1884 617 1911 a
639 1891 687 1912 me
709 1883 788 1912 viam
810 1882 889 1912 hanc
912 1883 1044 1912 describi
1078 1891 1166 1920 qnam
1200 1892 1322 1914 mensor
1354 1885 1461 1914 castris
1494 1885 1592 1914 locum
1617 1885 1765 1923 designat.
1800 1886 1890 1915 subii-

112 1926 153 1954 ω
175 1923 295 1963 demde,
312 1966 360 1996 Ad
377 1970 492 2005 portum
513 1968 586 1997 mille
609 1969 627 1997 ὰ
646 1971 732 2006 porta
755 1971 804 2006 est,
828 1977 879 1997 sea:
901 1967 966 1996 iude
987 1966 1147 1998 Salernum.
1183 1968 1229 2007 [fr.
1254 1969 1326 1998 XIII
1348 1970 1388 2000 M.
1412 1979 1440 1998 v.
1465 1970 1503 1998 96
1528 1970 1573 2007 L.]

279 2024 281 2027 .
314 2008 422 2039 Ibimus
450 2013 475 2039 et
500 2011 630 2048 spacium
653 2011 780 2040 curando
803 2020 922 2049 corpore
943 2010 1087 2039 honestum

315 2050 472 2083 Summus.
512 2053 558 2091 [fr.
582 2053 708 2083 XXXIV
729 2054 769 2083 M.
793 2063 822 2084 v.
849 2054 906 2082 108
931 2062 978 2091 sq.
1007 2053 1053 2091 L.]

112 2111 182 2132 mox
203 2105 305 2133 narrat
327 2104 478 2140 quomodo
502 2113 536 2134 se
558 2105 598 2134 ad
619 2105 676 2134 iter
696 2105 820 2143 pararit.

316 2145 346 2175 E
366 2155 464 2176 somno
482 2156 590 2186 pueros
612 2157 674 2177 cum
696 2157 780 2177 mane
801 2148 962 2186 experyitus
985 2147 1085 2178 clamo.
1123 2148 1170 2186 [fr.
1193 2148 1277 2178 XLII
1298 2149 1338 2179 M.
1362 2158 1390 2179 v.
1418 2149 1474 2178 107
1499 2149 1543 2187 L.]

318 2187 446 2218 Ceo-nnus
467 2190 604 2229 extemplo
623 2190 739 2229 plantas
762 2191 895 2220 connectit
916 2190 1056 2220 honestas.
1095 2190 1141 2229 [fr.
1165 2189 1267 2221 XLIII
1287 2191 1328 2221 M.
1351 2201 1379 2220 v.
1406 2192 1442 2220 79
1467 2191 1512 2230 L.]

113 2230 216 2269 inepte
238 2230 356 2261 Nonius
381 2231 420 2270 [p.
446 2232 496 2271 20,
521 2233 558 2262 33
582 2233 644 2272 M.]‚
669 2234 720 2271 qui
744 2242 872 2263 cernuus
894 2233 1107 2271 interpretatur
1128 2234 1286 2273 inclinatus,
1310 2235 1394 2273 quasi
1415 2234 1491 2273 quod
1512 2238 1616 2263 terram
1640 2237 1744 2264 cernat.
1779 2234 1890 2264 rectius

112 2272 223 2303 Festus
246 2274 311 2303 siue
334 2274 488 2304 Diaconus
512 2275 556 2313 [P.
579 2276 616 2305 D.
639 2285 669 2314 p.
696 2276 746 2315 55,
770 2277 787 2305 6
811 2276 873 2315 M.]‚
897 2275 949 2314 qni
972 2276 1166 2306 calceamenti
1189 2286 1283 2315 genus
1307 2286 1375 2307 esse
1399 2277 1481 2308 dicit.
1525 2277 1627 2314 Pergit
1648 2277 1782 2306 Lucilius
1805 2276 1829 2305 ἀ
1851 2276 1890 2306 ad

113 2319 231 2354 portum
252 2325 351 2354 usque
375 2326 428 2347 eos
451 2317 582 2348 deducit.
617 2328 677 2357 quo
701 2328 767 2349 cum
789 2323 911 2348 ventum
935 2321 996 2355 est3
1631 2326 1634 2330 '

319 2359 420 2389 Ostrea
442 2360 519 2390 nullu
533 2362 602 2399 suit,
625 2371 682 2391 non
701 2371 844 2400 purpure,
867 2361 945 2391 nulla
964 2362 1081 2400 peloris.
1117 2361 1162 2400 [fr.
1187 2362 1287 2391 XVIII
1309 2362 1348 2392 Μ.
1373 2371 1400 2392 v,
1428 2363 1486 2391 110
1510 2362 1555 2400 L.]

316 2402 464 2441 Aspar-uqi
485 2403 563 2433 nulli.
597 2404 643 2442 [fr.
665 2405 737 2434 XIX
758 2405 798 2434 M.
821 2414 850 2435 v.
876 2406 931 2433 111
959 2413 1006 2442 sq.
1029 2404 1074 2442 L.]

319 2444 459 2484 Campona
481 2445 525 2475 hic
547 2450 640 2476 tamen
660 2457 717 2477 vm
739 2446 824 2487 Syra.
860 2447 906 2485 [fr.
929 2447 1014 2476 XVII
1036 2448 1076 2478 M.
1099 2457 1127 2478 v.
1153 2447 1191 2476 99
1214 2447 1259 2485 L.]
