2138 2748
937 238 1035 296 39'

220 366 427 399 CAROLUS
446 365 703 403 WERNICKE.
731 367 786 400 Dr.
803 369 838 400 P.
854 367 890 401 P.
907 368 946 401 E.
978 368 1171 401 Privatim
1194 370 1220 402 Ι.
1252 369 1404 402 Clinicum
1427 370 1607 402 morborum
1618 370 1841 411 psychicorum

67 421 96 450 et
129 419 304 459 systematis
337 428 507 451 nervorum
541 418 771 451 moderabitur
804 419 836 452 d.
871 419 974 452 Merc.
1006 425 1039 452 et
1068 422 1138 453 Sat.
1168 421 1200 453 h.
1230 421 1275 452 111
1305 426 1338 452 et
1367 421 1424 453 lv,
1475 421 1764 453 Privatiesime
1799 423 1839 454 ΙΙ.

66 469 318 552 ῗωεῧιίἱίαίίοέοε
336 471 498 511 practicus
521 471 700 502 anatomiac
723 474 752 503 et
770 472 973 512 patbotoyiae
995 472 1116 503 cerebri
1144 477 1236 515 reget
1260 471 1292 505 d.
1317 472 1398 503 Lun.
1424 472 1521 505 Mart.
1546 472 1648 505 Mero.
1666 474 1735 507 Ιον.
1755 472 1838 506 Ven.

91 543 99 551 .
189 520 214 557 Ι,
238 520 251 552 1
290 544 297 557 ‚
322 520 364 562 X,
387 520 447 554 XI.

218 578 479 612 GUILELMUS
508 579 646 617 ROUX,
681 580 738 613 Dr.
761 581 797 614 P.
821 581 856 614 P.
885 581 924 613 E.
970 582 1135 613 Publice
1159 582 1183 615 1.
1231 583 1344 615 Cordis
1373 586 1402 615 et
1430 584 1622 615 arteriarum
1646 585 1839 616 anatomiam

66 629 215 713 {laocebi}1
238 630 379 714 dXIYen.
414 630 447 664 h.
480 630 539 664 IX.
595 631 790 664 Privatim
821 632 861 666 II.
913 633 1034 674 Capitis
1067 634 1203 666 bominis
1233 635 1426 666 anatomiam
1455 633 1592 666 docebit
1621 634 1654 667 d.
1685 634 1782 668 Mart.
1807 641 1840 666 et

103 691 169 716 erc.
217 707 225 715 .
317 708 324 715 .

219 740 554 774 MAXIMILIANUS
581 741 785 780 WIENER,
819 743 877 775 Dr.
902 742 937 775 P.
961 742 996 776 P.
1021 743 1059 776 E.
1110 743 1284 776 Publice
1313 745 1337 777 Ι.
1388 746 1436 777 De
1456 745 1631 778 tumoribus
1647 756 1840 786 oryanorum

65 793 244 826 amatium
276 793 657 835 muliebrium-maliynis
692 793 836 826 disseret
869 794 972 826 semel
1007 805 1067 836 per
1092 794 1193 828 hebd.
1222 795 1254 829 h.
1283 795 1348 829 def.
1403 796 1598 828 Privatim
1630 796 1669 829 ΙΙ.
1705 796 1840 828 Cursum

66 845 284 886 operationum
306 844 558 877 obstetriciarum
581 844 721 876 habebit
744 850 864 887 quater
888 856 948 887 per
971 845 1072 877 hebd.
1097 846 1128 879 h.
1154 846 1220 879 des.

217 903 462 936 ADOLPHUS
485 904 675 942 LESSER,
699 905 758 938 Dr.
781 906 817 938 P.
841 906 877 938 P.
900 905 939 938 E.
985 905 1157 937 Publice
1175 906 1200 939 I.
1245 908 1497 939 Exercitationes
1521 908 1679 939 cadavera
1700 908 1842 949 leyaliter

64 956 196 1039 ἒῖοῗγηὲἰὲ
212 954 442 1038 ιιίιοάὶεζιὲδίωι·
458 956 560 987 semel
573 967 634 998 per
645 956 746 988 hebd.
761 957 793 988 h.
809 955 875 990 def.
898 957 1093 988 Privatim
1107 957 1147 990 ΙΙ.
1168 958 1357 990 Medicinam
1365 959 1531 998 sorensem
1546 958 1684 990 docebit
1696 958 1727 990 d.
1741 958 1840 990 Mart.

217 1064 502 1099 OTTOMARUS
520 1066 812 1104 ROSENBACH,
842 1067 900 1099 Dr.
923 1069 959 1100 P.
984 1067 1018 1101 P.
1043 1068 1082 1101 E.
1126 1068 1300 1100 Publice
1322 1070 1347 1102 1.
1385 1070 1662 1101 Examinatorium
1678 1070 1717 1101 de
1731 1070 1832 1101 thera-

63 1117 138 1159 piae
151 1117 301 1159 specialis
317 1118 472 1158 capitibus
488 1118 610 1150 selectis
626 1117 765 1149 habebit
780 1118 883 1149 semel
900 1129 960 1160 per
975 1119 1076 1152 hebd.
1091 1119 1122 1152 h.
1137 1119 1201 1151 def.
1227 1119 1421 1152 Privatim
1437 1121 1478 1152 11.
1500 1121 1754 1152 Exercitationes
1770 1121 1839 1152 dia-

63 1169 225 1209 gnosticas
246 1168 400 1200 instituet
423 1169 474 1200 bis
498 1179 559 1211 per
580 1169 682 1202 hebd.
707 1169 739 1203 h.
764 1169 830 1202 def.

218 1227 366 1261 IULIUS
397 1228 560 1266 BRUCK‚
587 1229 642 1262 Dr.
695 1229 895 1261 Privatim
920 1229 942 1262 1.
988 1231 1108 1262 Selecta
1138 1232 1243 1272 capita
1260 1231 1462 1272 patholoyiae
1484 1237 1512 1263 et
1535 1232 1697 1273 tberapiae
1719 1232 1839 1264 odonti-

64 1281 184 1313 atricae
206 1279 344 1312 docebit
366 1280 418 1312 bis
443 1291 502 1322 per
524 1280 626 1314 hebd.
650 1281 683 1314 h.
707 1281 773 1314 def.
819 1281 859 1314 ΙΙ.
903 1282 1123 1314 Policlinicum
1149 1283 1392 1314 odontiatricum
1414 1282 1644 1314 moderabitur
1671 1282 1833 1325 quotidie.

64 1330 354 1364 Privatissime
376 1331 432 1364 ΙΙΙ.
479 1332 615 1364 Cursum
626 1333 765 1365 dentium
788 1343 868 1365 auro
890 1334 1120 1375 implendorum
1143 1334 1295 1366 instituet
1311 1333 1473 1376 quotidie.
1519 1333 1576 1366 lV.
1607 1334 1742 1366 Oui-sum
1758 1334 1839 1365 artis

64 1383 229 1416 dentariae
250 1383 404 1415 instituet
427 1383 590 1426 quotidie.

216 1441 412 1475 IACOBUS
437 1442 714 1485 GOTTSTEIN,
737 1443 795 1476 Dr.
841 1443 983 1476 Gratis
1007 1444 1029 1475 I.
1055 1445 1307 1478 Exercitationes
1322 1446 1537 1486 diaynosticas
1560 1449 1590 1477 et
1606 1445 1838 1486 therapeuticas

65 1495 103 1526 de
124 1493 243 1527 morbis
266 1495 380 1535 oryani
403 1495 530 1526 auditus
558 1494 697 1526 habebit
719 1494 822 1526 semel
850 1506 910 1537 per
933 1495 1033 1528 hebd.
1058 1495 1091 1528 li.
1109 1495 1174 1528 def.
1219 1495 1506 1528 Privatissime
1523 1496 1563 1528 11.
1586 1497 1839 1528 Exercitationes

0 1553 2 1556 ’
63 1545 302 1588 rbinoscopicas
325 1549 355 1577 et
376 1545 653 1587 larynyoscopicas
674 1547 857 1588 policlinico
883 1547 1064 1580 morborum
1078 1549 1161 1585 nasi,
1182 1547 1367 1589 pbarynyk,
1391 1548 1532 1589 larynyis
1555 1548 1703 1580 adiuncto
1727 1546 1838 1578 mode-

66 1596 194 1629 rabitur
217 1595 269 1628 bis
292 1607 353 1638 per
375 1596 476 1628 hebd.
500 1596 533 1630 h.
558 1596 624 1628 def.

216 1647 458 1680 ERNESTUS
482 1647 742 1685 FRAENKEL,
780 1648 835 1681 Dr.
881 1649 1027 1681 Gratis
1052 1650 1074 1682 Ι.
1111 1650 1328 1691 Patboloyiam
1349 1651 1550 1691 graviditatis
1575 1649 1712 1681 docebit
1735 1649 1838 1681 semel

64 1709 126 1742 per
148 1698 247 1731 hebd.
270 1699 303 1731 h.
328 1698 394 1732 def.
442 1698 637 1746 Privatim
659 1699 700 1732 ΙΙ.
748 1699 883 1732 &arsum
910 1701 1150 1742 yynaecoloyiae
1168 1702 1447 1743 propaedeuticum
1471 1711 1540 1733 cum
1563 1701 1839 1733 exercitationibus

0 1770 2 1784 ;
63 1750 215 1793 practicis
238 1749 379 1782 habebit
403 1750 434 1782 d.
458 1750 556 1782 Mart.
580 1750 651 1782 Iov.
675 1750 760 1783 Ven.
786 1750 817 1783 h.
841 1751 881 1782 11.

0 1838 2 1842 ¹
217 1801 420 1834 lOANNES
442 1801 698 1838 KOLACZEK,
724 1802 781 1835 Dr.
828 1802 970 1834 Gratis
1000 1803 1022 1835 Ι.
1068 1804 1321 1835 Emercitationes
1344 1804 1377 1835 in
1400 1804 1534 1835 vinculis
1557 1803 1743 1835 adhibendis
1768 1813 1837 1834 mo-

65 1852 239 1885 derabitur
272 1852 304 1886 d.
339 1852 408 1885 Sat.
442 1852 474 1884 h.
508 1853 567 1886 XI.
628 1852 824 1884 Privatim
853 1854 893 1886 H.
940 1854 987 1886 De
1012 1854 1173 1894 fracturis
1205 1858 1235 1886 et
1267 1855 1481 1886 luz-ationibus
1518 1853 1661 1886 disseret
1696 1859 1746 1885 ter
1780 1865 1840 1896 per

64 1903 166 1936 hebd.
190 1904 222 1938 h.
247 1903 313 1937 def.

0 1945 6 1950 .
216 1955 454 1989 ALFREDUS
488 1955 761 1993 BUCHWALD,
797 1956 855 1989 Dr.
902 1957 1042 1989 Gratis
1076 1956 1100 1989 1.
1146 1958 1194 1988 De
1229 1957 1348 1989 morbis
1384 1967 1496 1988 renum
1529 1961 1557 1988 et
1594 1958 1632 1989 de
1668 1958 1839 1998 uroscopia

0 2004 1 2010 ¹
65 2006 207 2040 disseret
232 2006 335 2040 semel
358 2018 419 2050 per
441 2007 541 2039 hebd.
561 2007 594 2040 h.
612 2007 677 2040 def.
721 2007 917 2039 Privatim
941 2008 982 2040 ΙΙ.
1019 2008 1194 2049 Ther-apiae
1217 2011 1245 2040 et
1265 2010 1416 2040 materiae
1438 2009 1577 2040 medicae
1599 2009 1703 2050 capita
1726 2009 1840 2040 selecta

64 2058 176 2091 tradet
198 2058 250 2091 bis
272 2069 334 2101 per
356 2058 458 2092 hebd.
481 2058 514 2092 h.
538 2058 604 2091 def.

218 2108 443 2142 IOSEPHUS
466 2109 629 2146 IACOBI,
651 2109 708 2142 Dr.
755 2109 896 2141 Gratis
919 2111 943 2141 1.
988 2111 1037 2142 De
1059 2110 1194 2142 historia
1217 2113 1246 2141 et
1262 2110 1457 2151 propbylaaei
1474 2113 1612 2152 pestium
1636 2115 1713 2153 aget
1736 2109 1838 2141 semel

0 2170 3 2179 ³
65 2171 125 2203 per
147 2160 247 2194 hebd.
272 2161 304 2194 h.
329 2160 396 2194 def.
439 2160 636 2192 Privatim
659 2161 699 2192 11.
746 2161 792 2193 De
814 2161 972 2193 medicina
985 2162 1116 2201 sorensi
1139 2161 1282 2192 disseret
1306 2160 1356 2191 bis
1380 2172 1440 2203 per
1463 2161 1563 2194 hebd.
1589 2161 1620 2193 11.
1645 2161 1710 2194 def.

218 2211 554 2244 MAX1M11„1ANUS
590 2211 867 2244 BERNARDUS
898 2211 1101 2252 FREUND,
1148 2211 1205 2244 Dr.
1257 2211 1397 2243 Gratis
1427 2212 1450 2244 Ι.
1495 2213 1660 2254 Principia
1692 2213 1839 2252 byyienes

0 2249 9 2301 ἰ
63 2264 232 2296 rationalis
260 2264 369 2305 prima
398 2265 540 2305 pueritia
570 2263 782 2295 instituendae
810 2262 969 2294 tractabit
1000 2262 1031 2295 d.
1056 2263 1126 2295 Sat.
1151 2262 1182 2295 h.
1206 2263 1245 2295 V.
1292 2262 1488 2294 Privatim
1512 2263 1553 2295 11.
1598 2264 1645 2295 De
1667 2263 1759 2295 modo
1782 2273 1837 2295 na-

0 2314 5 2333 ·’
66 2318 168 2347 torum
191 2315 367 2356 organismi·
384 2315 635 2356 proprietatibus
659 2325 727 2346 cum
752 2315 939 2346 anatomicis
969 2318 1034 2346 tum
1057 2314 1284 2355 pbysioloyicis
1307 2318 1399 2355 atque
1421 2315 1459 2346 de
1482 2315 1605 2347 ratione
1627 2315 1710 2346 inter
1731 2314 1790 2346 bas
1812 2318 1841 2346 et

0 2336 8 2412 g
61 2366 186 2407 primae
208 2367 320 2398 aetatis
343 2366 468 2398 morbos
491 2366 700 2398 intercedente
723 2364 867 2397 disseret
891 2365 922 2397 d.
946 2365 1030 2398 Lun.
1055 2370 1088 2396 et
1120 2364 1190 2397 Iov.
1226 2364 1258 2397 h.
1286 2363 1327 2397 V.

0 2408 12 2495 ξ
215 2416 470 2449 TRAUGOTT
493 2416 694 2453 KRONER,
726 2416 783 2448 Dr.
833 2416 972 2448 Gratis
1002 2416 1026 2448 1.
1063 2417 1317 2448 Exercitationes
1337 2417 1596 2456 ‚qynaecoloyicas
1624 2417 1840 2457 diaynosticas

66 2467 295 2499 moderabitur
319 2467 351 2501 d.
371 2469 439 2500 Sat.
465 2468 496 2500 h.
513 2469 554 2500 11.
591 2467 789 2499 Privatim
806 2467 847 2499 11.
882 2469 930 2501 De
944 2469 1063 2500 morbis
1079 2468 1244 2499 nautiorum
1261 2467 1403 2498 disseret
1419 2467 1451 2500 d.
1471 2467 1566 2499 Mart.
1583 2472 1626 2501 et.
1646 2467 1728 2500 Ven.
1747 2469 1778 2500 h.
1798 2467 1838 2500 V.
