2138 2748
1184 268 1206 299 4

311 369 496 401 strissimos
540 368 678 400 Bakium
723 372 756 401 et
796 370 1000 402 Hofmanum
1015 388 1030 394 -
1045 370 1257 412 Peerlkamp,
1301 372 1533 404 Leemansium
1576 374 1675 414 atque
1714 373 1924 413 Janssenum,
1968 375 2075 407 musei

311 419 466 452 custodes
499 420 724 461 peritissimos
758 423 858 462 atque
892 421 1165 461 humanissimos,
1199 422 1440 463 Suringarium,
1473 425 1554 455 tunc
1582 425 1681 465 atque
1715 424 1816 456 etiam
1849 434 1952 464 nunc,
1986 426 2076 467 quod

312 471 456 503 maxime
480 471 618 512 gaudeo,
642 472 805 513 gymnasii
820 473 994 505 Leidensis
1017 475 1181 506 rectorem
1205 474 1350 512 doctum,
1374 477 1556 514 strenuum,
1579 475 1767 514 amabilem,
1789 485 1851 516 per
1872 485 1989 509 omnes
2012 477 2075 509 hos

311 533 419 556 annos
447 525 582 556 mutuae
605 523 772 567 amicitiae
794 525 927 557 vinculo
951 535 1082 557 mecum
1105 526 1329 566 coniunctum,
1354 527 1527 566 Cobetum,
1555 529 1627 560 tum
1656 527 1835 560 iuventutis
1857 528 2076 571 philologicae

310 576 454 607 Batavae
475 575 672 616 principem,
696 586 802 617 nuper
826 587 865 608 ex
890 577 1008 609 itinere
1031 578 1213 620 longinquo
1237 579 1394 611 reducem
1427 581 1461 612 et
1494 589 1624 612 summa
1657 589 1732 612 cum
1764 580 1862 612 laude
1895 590 1934 613 ac
1967 590 2026 622 spe
2056 591 2077 614 a

309 627 582 668 praeceptoribus
606 629 639 659 et
654 628 939 661 commilitonibus
965 629 1154 669 salutatum,
1179 632 1212 662 et
1226 630 1464 672 Pluygersium‚
1487 631 1640 663 iuvenem
1663 631 1951 671 humanissimum,
1973 632 2076 666 Geelii

310 681 430 719 postea
457 688 696 711 successorem.
741 679 792 711 Ab
817 680 972 712 omnibus
996 681 1049 712 his
1071 682 1217 722 benigne
1241 684 1398 723 exceptus
1428 684 1460 714 et
1488 682 1522 714 in
1546 681 1664 714 studiis
1694 682 1777 714 meis
1804 683 1846 715 ab
1875 683 1928 723 iis,
1956 683 2076 725 quibus

312 730 509 762 familiarius
532 730 580 762 uti
596 731 727 769 licebat,
750 741 830 772 prae
854 732 1010 764 omnibus
1034 733 1166 773 abipso
1182 734 1295 766 Geelio
1318 733 1552 766 liberalissime
1575 733 1717 772 adiutus,
1741 734 1897 767 comitate
1920 737 1954 768 et
1973 735 2077 768 bene-

309 782 392 814 ficiis
409 782 455 814 ita
471 782 644 814 devinctus
662 793 745 821 sum,
768 783 912 824 ut-quod
930 793 970 815 ex
994 784 1135 816 eiustula
1158 785 1201 817 ad
1224 785 1373 817 Geelium
1396 787 1428 817 et
1445 785 1481 817 C.
1497 785 1533 817 B.
1550 785 1690 817 Hasium
1712 786 1799 825 data,
1821 788 1900 819 ante
1921 787 1985 819 hos
2007 787 2077 820 fere

310 834 445 874 triginta
468 843 526 865 sex
549 843 658 865 annos
683 834 821 866 editioni
844 845 938 868 meae
961 836 1115 868 Noctium
1138 837 1234 869 Gellii
1260 837 1446 869 Atticarum
1468 837 1591 869 minori
1613 837 1717 878 priori
1738 837 1924 878 praemissa
1946 841 2078 880 repeto-

310 887 343 917 et
364 885 471 917 laetos
495 885 572 917 inde
595 885 708 917 Italiae
732 895 868 927 campos
890 897 1072 928 peragrans
1105 890 1138 920 et
1160 888 1194 921 in
1216 889 1359 930 patriam
1387 898 1540 921 reversus
1570 898 1701 927 eorum,
1735 899 1818 930 quos
1851 889 1972 922 Leidae
2005 890 2078 932 degi

309 937 475 969 mensium
492 937 726 969 suavissimam
748 939 1017 972 recordationem
1039 940 1202 972 memoria
1224 951 1356 982 semper
1379 940 1595 973 custodierim
1620 940 1785 983 hodieque
1810 943 1890 982 post
1903 943 1955 974 tot
1969 951 2077 976 annos

308 989 556 1030 praeterlapsos
602 989 800 1022 custodiam.
862 991 929 1023 Sed
974 991 1039 1023 iarn
1076 993 1168 1031 tum,
1213 993 1363 1033 quamvis
1402 1002 1533 1024 summa
1569 991 1791 1024 admiratione
1828 992 1953 1035 ingenii
1978 995 2077 1036 atque

311 1041 508 1073 eruditionis
531 1041 753 1082 Peerlkampii
780 1052 819 1074 ac
842 1042 935 1074 Bakii
959 1043 1150 1083 detinebar,
1180 1054 1248 1076 non
1271 1044 1484 1085 ignorabam,
1513 1054 1587 1076 eam
1615 1044 1826 1084 methodum,
1856 1054 1922 1086 qua
1947 1047 2077 1079 veteres

310 1095 463 1125 auctores
497 1094 683 1125 tractarent
716 1095 816 1134 atque
849 1094 1044 1127 tractandos
1079 1105 1154 1128 esse
1189 1096 1341 1137 exemplo
1377 1096 1567 1137 scholisque
1596 1096 1766 1135 docerent,
1793 1096 1836 1130 ab
1859 1106 1908 1136 ea,
1937 1107 2037 1139 quam
2058 1108 2079 1131 a

311 1143 432 1176 Carolo
461 1144 678 1177 Lachmanno
707 1147 926 1187 praeceptore
956 1147 1209 1188 incomparabili
1239 1148 1376 1180 edoctus
1407 1157 1498 1180 eram
1527 1149 1626 1189 atque
1654 1158 1675 1180 a
1695 1147 1864 1181 Friderico
1891 1148 2078 1182 Ritschelio

312 1206 382 1228 non
404 1196 515 1228 minus
543 1198 698 1228 accurate
721 1207 760 1229 ac
784 1207 898 1229 severe
922 1199 1070 1231 exerceri
1092 1199 1257 1239 videbam,
1280 1200 1370 1232 haud
1390 1209 1509 1241 parum
1533 1199 1667 1232 distare.
1705 1199 1778 1232 Etsi
1806 1200 1854 1232 sic
1883 1210 2014 1243 quoque
2036 1201 2078 1234 ab

312 1248 377 1279 illis
402 1248 606 1287 hominibus,
630 1249 761 1289 magnis
784 1249 910 1290 ingenii
934 1250 1068 1283 dotibus
1098 1253 1197 1293 atque
1230 1251 1415 1283 acrimonia
1449 1261 1518 1283 non
1551 1251 1678 1292 vulgari
1710 1251 1882 1292 praeditis,
1914 1253 2079 1294 praestari

309 1299 474 1338 videbam,
499 1310 582 1341 quae
605 1299 734 1341 legibus
758 1301 891 1342 quidem
915 1301 991 1340 illis,
1025 1302 1133 1341 unice,
1166 1305 1203 1335 ut
1225 1305 1296 1335 tum
1318 1303 1508 1335 arbitrabar
1529 1302 1695 1344 hodieque
1721 1303 1877 1343 arbitror,
1902 1303 1946 1336 ad
1971 1305 2079 1338 artem

312 1351 462 1383 criticam
474 1351 508 1382 in
521 1352 713 1384 auctoribus
726 1353 894 1384 veteribus
907 1354 1128 1386 exercendam
1141 1355 1228 1395 aptis
1244 1364 1314 1386 non
1326 1354 1409 1387 satis
1423 1354 1675 1396 responderent,
1687 1355 1792 1387 multa
1802 1364 1882 1388 vero
1894 1355 2080 1389 attentione

310 1402 429 1441 animi,
467 1403 556 1434 haud
588 1413 695 1444 pauca
728 1404 950 1437 admiratione
985 1405 1086 1447 digna
1118 1406 1340 1446 continerent,
1374 1408 1487 1438 tamen
1517 1406 1683 1439 rationein
1709 1406 1801 1439 illam
1830 1407 1865 1439 in
1886 1407 2079 1441 universum

310 1455 454 1496 probare
477 1465 547 1487 non
569 1457 732 1496 poteram.
777 1456 825 1488 Ac
849 1457 897 1488 sic
926 1457 1026 1489 etiam
1059 1468 1119 1499 per
1141 1458 1313 1499 proximos
1347 1468 1466 1497 annos,
1501 1468 1574 1490 cum
1599 1458 1756 1498 Cobetus,
1789 1457 1921 1491 eximiis
1954 1459 2080 1502 ingenii

312 1506 445 1538 dotibus
475 1508 508 1538 et
531 1507 690 1548 singulari
725 1508 857 1549 linguae
891 1518 930 1540 ac
958 1509 1237 1551 palaeographiae
1266 1510 1411 1542 Graecae
1444 1509 1565 1551 peritia
1597 1510 1750 1551 insignis,
1783 1510 1888 1543 multa
1921 1510 2079 1554 deinceps

311 1558 597 1599 amplissimorum
621 1559 808 1592 studiorum
832 1560 1032 1593 documenta
1068 1562 1182 1594 ederet
1214 1563 1247 1594 et
1279 1562 1386 1603 magis
1410 1562 1582 1603 magisque
1609 1561 1811 1603 philologiae
1839 1562 1985 1595 Batavae
2012 1562 2079 1597 dux

313 1610 499 1649 exsisteret,
523 1620 623 1652 saepe
640 1621 722 1643 sane
739 1612 1031 1652 splendidissimos
1055 1613 1131 1645 illos
1148 1614 1346 1646 eruditionis
1370 1615 1402 1645 et
1418 1613 1621 1646 acrimoniae
1637 1613 1763 1646 fructus
1786 1613 1987 1654 admirabar,
2010 1625 2080 1648 non

311 1662 420 1694 minus
438 1662 506 1693 fere
523 1672 623 1703 saepe
639 1665 752 1695 tamen
776 1674 859 1695 sana
882 1666 1038 1706 rectaque
1061 1665 1262 1698 coniecturis
1285 1667 1449 1706 temptare
1472 1665 1554 1697 mihi
1569 1664 1754 1704 videbatur,
1777 1665 1899 1706 regulis
1915 1665 2080 1708 imprimis

314 1713 354 1745 de
379 1714 545 1746 sermonis
570 1713 687 1746 Graeci
716 1725 779 1747 usu
801 1716 996 1757 propositis,
1030 1726 1114 1758 quae
1146 1717 1221 1749 usui
1256 1727 1338 1749 sane
1372 1717 1539 1749 sermonis
1567 1716 1669 1749 Attici
1698 1717 1873 1757 generalis,
1898 1727 2006 1760 ¹quem
2039 1727 2079 1750 eo

311 1765 431 1797 melius
460 1775 559 1798 nemo
589 1767 691 1805 novit,
726 1767 980 1808 responderent,
1015 1769 1075 1801 sed
1102 1779 1171 1800 non
1194 1779 1298 1810 aeque
1325 1768 1369 1800 ad
1397 1778 1515 1800 omnes
1544 1770 1698 1800 auctores
1726 1769 1774 1800 ita
1794 1768 2011 1810 pertinerent,
2043 1771 2081 1802 ut

313 1817 473 1858 quidquid
496 1818 591 1850 abiis
616 1818 815 1858 deflecteret,
839 1819 929 1853 haud
945 1830 1020 1852 raro
1045 1831 1085 1852 ex
1100 1820 1237 1862 propria
1260 1820 1466 1862 singulorum
1490 1820 1688 1862 scriptorum
1711 1820 1823 1852 indole
1846 1821 2080 1862 explicandum

313 1870 412 1910 atque
450 1870 753 1910 interpretandum,
797 1872 1091 1912 grammaticorum
1129 1874 1161 1904 et
1197 1872 1411 1905 librariorum
1448 1872 1518 1904 sive
1555 1871 1707 1904 inscitiae
1745 1872 1814 1904 sive
1851 1873 2080 1914 neglegentiae

312 1921 527 1953 tribuendum
550 1923 649 1963 atque
672 1924 728 1954 aut
750 1923 947 1956 mutandum
970 1926 1027 1956 aut
1042 1924 1192 1956 funditus
1215 1924 1395 1956 delendum
1418 1925 1517 1956 esset.
1554 1924 1662 1965 Atque
1685 1924 1768 1956 haec
1790 1924 1895 1956 nimia
1916 1924 2080 1966 quaedam

317 1972 504 2004 coniciendi
537 1973 672 2005 licentia
706 1974 804 2006 etiam
838 1985 926 2007 nunc
960 1975 1048 2016 apud
1074 1976 1253 2017 plerosque
1287 1976 1358 2008 eius
1391 1975 1518 2008 amicos
1551 1977 1650 2017 atque
1683 1975 1865 2016 discipulos
1898 1978 2080 2017 grassatur.

313 2023 381 2055 Iam
416 2033 490 2056 cum
524 2024 674 2065 Lugduni
717 2027 878 2059 versabar
921 2027 1058 2060 memini
1103 2038 1156 2059 me
1201 2028 1335 2069 saepius
1376 2027 1534 2068 hospitali
1573 2037 1689 2059 eorum
1728 2026 1917 2059 invitationi
1951 2027 2081 2061 obtem-

313 2077 486 2116 perantem
529 2076 621 2108 adire
663 2077 784 2110 fratres
822 2078 906 2111 duos
943 2079 1204 2112 honestissimos
1237 2082 1337 2121 atque
1370 2078 1650 2117 humanissimos,
1689 2078 1808 2111 studiis
1842 2089 1973 2111 summa
2005 2089 2081 2112 cum

315 2127 510 2160 assiduitate
534 2128 665 2161 deditos
679 2139 718 2161 ac
741 2129 807 2162 iam
822 2131 893 2162 tum
916 2130 1024 2163 doctis
1041 2131 1164 2164 exteris
1187 2141 1257 2164 non
1273 2131 1416 2172 ignotos,
1438 2141 1506 2163 una
1522 2130 1724 2170 habitantes,
1740 2132 1839 2172 atque
1854 2131 1899 2163 ad
1913 2130 2080 2164 caminum
2094 2131 2097 2137 '

315 2179 530 2218 assidentem,
553 2180 667 2212 theam
690 2181 872 2214 coffeamve
894 2182 1039 2224 benigne
1062 2183 1208 2216 oblatam
1232 2183 1426 2216 sorbentem
1448 2183 1637 2224 herbaeque
1661 2182 1850 2214 nicotianae
1873 2182 1999 2215 fumum
2019 2192 2081 2224 per

315 2230 466 2262 tubulum
481 2231 614 2263 fictilem
628 2242 690 2272 pro
707 2233 910 2265 Batavorum
925 2244 1020 2266 more
1035 2234 1244 2267 haurientem
1260 2245 1335 2266 cum
1351 2235 1392 2266 iis
1407 2234 1525 2266 Latine
1537 2253 1562 2257 —
1574 2244 1652 2266 nam
1665 2234 1751 2266 Osce
1768 2234 1927 2266 etVolsce
1940 2233 2081 2266 fabulari

314 2282 444 2323 utrique
474 2283 706 2316 nesciebamus
735 2303 761 2307 —
790 2285 830 2317 de
859 2285 979 2318 litteris
1009 2286 1243 2318 communibus
1271 2296 1412 2318 amoene
1436 2286 1586 2318 fabulari.
1630 2286 1753 2318 Neuter
1774 2288 1845 2318 tum
1868 2287 1926 2317 aut
1946 2285 2081 2327 publico

317 2334 447 2365 muneri
469 2337 526 2366 aut
540 2335 669 2375 privato
685 2336 784 2368 alicui
807 2337 916 2369 officio
939 2337 1092 2370 addictus
1115 2340 1201 2370 erat:
1222 2348 1283 2379 per
1297 2340 1388 2370 totos
1412 2338 1484 2370 dies
1506 2337 1549 2369 ab
1565 2337 1658 2370 horis
1682 2337 1759 2369 inde
1781 2337 1954 2369 matutinis
1974 2347 2081 2378 usque

316 2384 359 2417 ad
397 2386 623 2426 vespertinum
663 2389 905 2421 nocturnumve
942 2391 1074 2430 tempus
1114 2390 1292 2422 continuae
1326 2390 1528 2435 Graecorum
1561 2388 1762 2430 scriptorum
1793 2388 1927 2420 lectioni
1961 2388 2081 2421 intenti

317 2439 413 2470 erant
433 2438 538 2479 eique,
561 2441 597 2471 ut
612 2439 677 2480 ipsi
700 2440 842 2481 ingenue
865 2441 1064 2480 fatebantur,
1087 2441 1185 2474 unice
1201 2451 1275 2474 eam
1291 2442 1334 2474 ob
1350 2451 1422 2473 rem
1438 2443 1623 2482 susceptae,
1645 2442 1683 2473 ut
1698 2441 1907 2474 coniecturas
1922 2440 2080 2474 facerent.

317 2487 465 2527 Quorum
478 2490 662 2522 studiorum
679 2491 806 2524 fructus
823 2492 905 2524 satis
921 2493 1051 2534 amplos
1066 2495 1186 2534 postea
1201 2493 1387 2531 ediderunt,
1410 2493 1466 2534 qui
1482 2493 1572 2525 haud
1593 2502 1700 2533 pauca
1721 2492 1919 2525 eruditionis
1941 2494 1976 2525 et
1995 2492 2082 2525 acri-

317 2541 450 2574 moniae
473 2541 597 2574 indicia
618 2552 688 2576 non
710 2543 821 2576 minus
845 2545 1062 2576 continebant
1085 2554 1184 2586 quam
1207 2547 1260 2576 sat
1275 2544 1398 2577 multos
1415 2546 1555 2577 conatus
1579 2554 1621 2577 ex
1635 2553 1793 2585 perverso
1819 2543 1877 2576 illo
1893 2543 2081 2576 coniciendi
