2138 2748
932 302 935 303 γ
947 257 995 304 ,49
1048 251 1052 254 ’

238 349 445 383 CAROLUS
469 349 774 392 SCHOENIAEIN,
801 349 856 383 Dr.
903 350 1044 382 Gratis
1069 351 1090 382 1.
1115 352 1163 383 De
1181 352 1367 384 animalium
1383 353 1581 384 electricitate
1597 352 1741 385 disseret
1759 352 1862 384 semel

84 411 145 444 per
166 399 268 434 hebd.
314 401 510 434 Privatim
537 401 574 434 11.
619 402 847 444 Repetitorium
871 402 1090 443 physiologiae
1114 402 1267 442 instituet
1291 402 1341 435 bis
1365 414 1426 445 per
1449 403 1549 435 hebd.

236 451 463 486 IOSEPHUS
487 452 775 490 SCHROETER,
799 452 857 484 Dr.
904 452 1045 485 Gratis
1070 453 1095 486 Ι.
1122 455 1171 486 De
1194 455 1307 495 fungis
1330 456 1498 487 esculentis
1521 459 1550 487 et
1572 456 1694 487 nocivis
1718 455 1862 488 disseret

83 503 187 536 semel
221 514 281 546 per
309 503 409 537 hebd.
458 505 500 538 11.
544 506 592 537 De
625 505 712 537 ae‘ris
739 507 767 536 et
797 514 898 546 aquae
930 505 1138 538 relationibus
1166 506 1339 546 kyyienicis
1367 506 1520 539 disseret.
1575 506 1773 538 Privatim
1805 507 1861 540 111.

83 555 132 588 De
151 555 268 596 sanyis
291 556 403 598 quibas
425 556 528 588 morbi
554 555 724 588 herbarum
746 556 902 588 cattarum
924 555 1106 596 efficiuntur
1135 556 1279 588 disseret
1309 557 1359 589 bis
1383 568 1442 599 per
1469 557 1569 590 hebd.
1614 557 1672 591 IV.
1696 559 1862 590 Exercita-

83 606 184 639 tiones
207 607 250 639 ad
271 607 511 648 investigandos
534 610 563 639 ct
585 607 840 639 determinando-³
864 610 892 639 et
914 608 1061 640 colendos
1077 609 1201 649 sanyos
1223 612 1401 650 spectantes
1426 608 1563 641 habebit
1588 609 1620 642 Ιι.
1645 609 1710 641 def.

236 657 481 691 ADOLPHUS
504 657 689 695 LESSER,
713 657 771 691 Dr.
815 658 1024 691 Privatim.
1054 659 1245 692 Medicinam
1259 661 1427 699 sorensem
1451 660 1589 692 docebit
1607 661 1658 692 bis
1675 671 1736 703 per
1759 660 1860 692 hebd.

622 916 784 960 ORDO
816 916 1326 962 PHILOSOPHORUM.

235 1080 442 1114 OSCARUS
465 1080 682 1114 AEMILIUS
706 1080 887 1119 MEYER,
924 1081 981 1115 Dr.
1006 1082 1040 1116 P.
1064 1082 1100 1115 Ρ.
1124 1082 1165 1115 Ο.
1195 1082 1227 1115 h.
1251 1087 1274 1115 t.
1300 1082 1380 1114 Dec.
1427 1082 1595 1114 Publice
1626 1083 1649 1115 1.
1691 1083 1863 1116 Seminarii

76 1132 447 1175 physico-mathemata
480 1133 720 1166 emer-citationes
755 1132 985 1165 moderabitur
1021 1133 1052 1166 d.
1087 1133 1191 1167 Merc.
1223 1134 1253 1166 h.
1283 1133 1356 1167 VII.
1409 1133 1605 1166 Privatim
1641 1134 1680 1167 Il.
1730 1134 1861 1176 Opticen

83 1183 319 1227 experimentis
354 1183 540 1215 illustrabit
573 1183 605 1216 d.
640 1183 723 1216 Lun.
758 1183 857 1216 Mart.
886 1184 989 1216 Merc.
1021 1185 1090 1217 Iov.
1120 1184 1153 1217 b.
1184 1184 1240 1218 XI.
1291 1185 1348 1218 111.
1395 1185 1562 1217 Theoi-iam
1591 1186 1804 1217 electricitatis
1832 1189 1861 1217 ct

81 1236 280 1278 maynetiemi·
306 1235 558 1268 mathematicam
586 1235 697 1267 tradet
725 1234 758 1268 d.
788 1235 871 1268 Lun.
902 1235 998 1268 Mart.
1030 1236 1100 1268 Iov.
1123 1235 1207 1268 Ven.
1234 1236 1264 1269 h.
1292 1236 1362 1268 VII.
1410 1236 1701 1268 I’rivatissime
1726 1236 1783 1269 IV.
1822 1237 1860 1268 In

84 1287 279 1320 laboratorio
292 1287 426 1329 physico
451 1286 735 1319 commilitonibus
758 1287 791 1318 in
809 1287 1045 1329 experimentis
1069 1287 1132 1318 iam
1149 1287 1292 1319 versatis
1309 1287 1417 1318 aderit
1435 1287 1597 1330 quotidie.

237 1345 445 1379 CAROLUS
478 1345 671 1379 IACOBUS
701 1345 904 1382 LOEWIG,
937 1346 995 1379 Dr.
1024 1346 1060 1379 P.
1084 1346 1119 1379 P.
1144 1347 1185 1380 O.
1235 1347 1407 1379 Publice
1439 1347 1461 1380 I.
1499 1348 1544 1378 De
1572 1346 1697 1387 analysi
1725 1347 1863 1378 chemica

13 1419 15 1422 -
82 1396 227 1430 disseret
247 1401 299 1430 ter
321 1407 382 1440 per
405 1397 506 1430 hebd.
529 1397 562 1430 h.
589 1397 664 1430 XII.
710 1397 903 1429 Privatim
929 1397 968 1430 II.
999 1397 1158 1431 Chemiam
1180 1400 1408 1440 anoryanicam
1430 1398 1568 1430 docebit
1591 1402 1625 1430 et
1639 1399 1862 1439 experimentis

11 1454 13 1457 ’
81 1447 264 1481 illustrabit
280 1448 432 1491 quotidie
449 1448 480 1480 h.
501 1448 588 1481 VIII.
635 1448 924 1480 Privatissime
948 1448 1005 1482 ΙΙΙ.
1034 1450 1073 1481 In
1088 1449 1281 1482 laboratorio
1298 1450 1434 1482 chemico
1451 1460 1586 1491 operam
1605 1448 1734 1481 daturis
1751 1448 1859 1480 aderit

82 1499 262 1544 quinquies
285 1509 346 1543 per
369 1499 469 1532 hebd.
495 1500 587 1532 horis
612 1500 794 1532 consuetis.

235 1550 474 1594 ADQLI'HUS
503 1551 774 1584 FRIDERICUS
799 1550 1054 1593 STBNZIAER,
1083 1552 1140 1584 Dr.
1165 1551 1199 1584 P.
1224 1551 1258 1584 P.
1290 1551 1330 1585 Ο.
1376 1551 1547 1583 Publice
1579 1551 1601 1584 I.
1645 1552 1861 1583 [institutiones

81 1603 208 1644 linquae
226 1602 411 1636 Sanscritae
434 1603 645 1635 continuabit
668 1603 700 1636 d.
724 1603 822 1636 Mart.
846 1607 879 1634 et
905 1602 987 1636 Ven.
1013 1603 1045 1636 h.
1069 1603 1127 1635 IV.
1172 1603 1368 1635 Privatim
1392 1603 1431 1636 II.
1465 1603 1712 1635 Grammaticam
1735 1603 1861 1643 tinyaae

81 1654 267 1688 Samaritae
290 1654 427 1686 docebit
450 1653 482 1687 d.
506 1654 604 1686 Mart.
629 1659 663 1686 et
691 1654 774 1687 Ven.
798 1654 833 1687 h.
854 1654 913 1687 III.

236 1704 444 1738 CAROLUS
462 1705 728 1743 WEINHOLD,
754 1705 810 1739 Dr.
827 1706 862 1739 P.
876 1705 910 1739 P.
925 1706 965 1739 O.
997 1706 1167 1738 Publice
1192 1706 1215 1738 1.
1240 1705 1414 1738 Seminarii
1432 1706 1614 1738 Germanici
1630 1706 1860 1738 exercitationi-

82 1757 140 1790 bas
163 1756 309 1800 praeerit
332 1756 364 1790 d.
388 1752 493 1790 Merc.⁴
517 1757 549 1790 h.
569 1756 641 1789 VII.
666 1761 699 1788 et
723 1756 811 1790 VIII.
864 1756 1059 1789 Privatim
1086 1757 1124 1790 II.
1147 1757 1409 1798 Nibetunyiadem
1433 1756 1708 1799 interpretabitur
1729 1755 1859 1789 d.1.nn.

84 1808 181 1841 Mart.
204 1809 275 1841 Iov.
301 1808 385 1841 Ven.
410 1808 441 1841 h.
465 1807 556 1841 VIII.

234 1858 496 1892 RICHARDUS
534 1859 756 1896 ROEPELI..
795 1859 851 1892 Dr.
894 1859 927 1892 P.
961 1859 997 1892 P.
1032 1858 1072 1892 O.
1128 1859 1302 1891 Publice
1336 1859 1361 1892 1.
1406 1860 1657 1891 Exercitationes
1696 1859 1863 1891 seminarii

82 1911 227 1944 historici
244 1910 410 1943 moderari
429 1915 548 1954 perget
570 1911 622 1942 bis
647 1921 706 1953 per
724 1910 825 1943 hebd.
873 1910 1066 1942 Privatim
1093 1910 1131 1943 II.
1156 1911 1332 1943 Historiam
1357 1911 1548 1943 Germaniae
1569 1911 1642 1942 inde
1665 1910 1703 1942 ab
1727 1921 1756 1941 a.
1782 1910 1863 1941 1815

83 1962 208 1995 docere
231 1966 351 2006 perget
372 1963 425 1995 bis
449 1973 509 2005 per
531 1962 632 1994 hebd.
657 1963 689 1996 h.
714 1962 789 1995 XII.

234 2013 561 2048 FERDINANDUS
585 2013 789 2051 ROEMER,
822 2013 878 2046 Dr.
900 2013 934 2046 P.
954 2013 988 2047 P.
1014 2013 1054 2045 O.
1103 2013 1272 2045 Publice
1291 2013 1314 2046 I.
1349 2014 1598 2046 Exercitationes
1619 2013 1859 2053 mineraloyico-

82 2067 303 2108 yeoynosticas
327 2065 480 2097 instituet
516 2065 545 2099 d.
572 2066 641 2098 Sat.
676 2065 710 2099 h.
733 2064 792 2098 IX.
847 2064 1044 2097 Privatim
1068 2065 1110 2097 ΙΙ.
1159 2065 1402 2106 Illineratoyiam
1431 2064 1568 2096 docebit
1597 2064 1777 2106 quinquies
1801 2074 1861 2106 per

83 2116 185 2149 hebd.
209 2116 242 2150 h.
268 2116 357 2151 VIII.
402 2116 459 2150 111.
503 2117 796 2158 Palaeontotoyiam
825 2116 963 2149 docebit
990 2120 1110 2159 quater
1138 2127 1198 2159 per
1222 2116 1322 2149 hebd.
1347 2116 1379 2149 h.
1404 2115 1446 2149 X.
1492 2114 1782 2146 I'rivatissime
1821 2119 1862 2146 et

84 2167 215 2212 grati·
249 2167 304 2202 1v.
348 2168 388 2200 In
408 2178 517 2201 museo
540 2168 767 2209 mineratoyico
791 2178 928 2209 operam
953 2167 1081 2199 daturis
1105 2167 1213 2200 aderit
1237 2167 1389 2210 quotidie
1414 2167 1446 2198 h.
1472 2167 1528 2198 XI.
1554 2171 1587 2197 et
1611 2165 1685 2198 XII.

237 2218 473 2252 MARTINUS
498 2218 662 2259 HERTZ,
689 2218 746 2251 Dr.
766 2219 801 2251 P.
822 2219 857 2251 P.
880 2218 921 2252 O.
959 2218 1131 2250 Publice
1156 2218 1179 2251 I.
1214 2218 1388 2251 Seminarii
1410 2218 1593 2259 philoloyici
1619 2218 1860 2248 exercitationes

18 2309 20 2314 θ
82 2270 249 2303 moderari
284 2274 402 2313 perget
430 2269 463 2302 d.
491 2270 595 2302 Mero.
625 2270 657 2303 h.
682 2269 729 2301 lx
755 2274 788 2301 et
813 2269 854 2302 X.
900 2269 1096 2301 Privatim
1120 2269 1161 2302 11.
1204 2269 1399 2308 Philotosyiae
1433 2269 1520 2309 apud
1547 2271 1665 2299 veteres
1694 2268 1859 2299 historiam

18 2347 21 2366 2
82 2332 183 2365 usqae
205 2322 247 2355 ad
268 2322 428 2354 interitum
450 2322 577 2363 imperii
598 2321 815 2353 Romanorum
838 2321 1042 2352 occidentalis
1065 2321 1233 2352 enarrabit
1257 2320 1288 2352 (1.
1313 2320 1395 2351 Lun.
1424 2320 1517 2351 Mart.
1544 2319 1612 2351 Iov.
1637 2318 1719 2350 Ven.
1745 2318 1777 2351 h.
1802 2319 1858 2352 lX.

236 2380 440 2414 lOANNES
464 2380 776 2413 GODOFREDUS
801 2380 959 2418 GALLE,
985 2381 1042 2414 Dr.
1066 2380 1100 2413 P.
1119 2380 1152 2413 P.
1171 2379 1211 2412 Ο.
1258 2379 1430 2411 Publice
1457 2379 1478 2411 I.
1512 2379 1671 2410 Calcatum
1695 2379 1859 2420 eclipsiam

85 2429 162 2467 solis
186 2432 369 2476 explicabit
393 2431 424 2465 d.
448 2432 518 2465 Sat.
541 2431 572 2463 b.
591 2431 646 2464 IX.
696 2432 891 2464 Privatim
922 2431 962 2465 ΙΙ.
1000 2433 1049 2464 De
1071 2433 1265 2473 lonyitudine
1288 2435 1316 2463 et
1339 2431 1503 2462 latitudine
1524 2429 1736 2471 ycoyraphica
1758 2429 1858 2462 deter-

21 2496 36 2531 '⁵2
85 2485 238 2518 minanda
261 2484 406 2516 disseret
429 2483 461 2516 d.
483 2483 566 2515 Lun.
592 2483 690 2517 Mart.
712 2484 784 2516 Iov.
811 2483 892 2515 Ven.
916 2483 948 2516 h.
975 2483 1030 2515 IX.

1657 2540 1671 2567 7
