2138 2748
0 1538 2 1542 ·
51 1540 86 1559 A

961 258 982 290 9
1040 230 1043 233 .

93 362 181 396 serio
204 362 344 403 cogitari
365 360 484 403 possit,
516 361 628 400 veluti,
652 361 741 402 quod
763 361 873 402 primo
897 371 978 393 sane
1001 361 1119 394 obtutu
1140 361 1222 393 mihi
1246 360 1511 393 commendabile
1533 360 1707 392 videbatur
1728 359 1778 392 111.
1801 359 1852 397 Μ,

88 414 133 448 54
152 423 202 456 sq.
243 412 365 446 ‘nescit
393 422 478 455 equo
502 412 591 445 rudi
613 413 759 445 Haerere
794 413 957 454 ingenuus
990 411 1079 454 puer’
1114 423 1176 454 pro
1204 408 1339 445 ‘rudis’
1376 422 1415 444 eo
1450 411 1620 450 refellitur,
1653 410 1742 452 quod
1775 410 1853 443 inde

87 465 215 500 tollitur
238 465 406 507 oppositio
429 466 519 497 recte
534 464 712 497 observata
734 465 822 496 inter
839 462 952 497 ‘rudis'
978 466 1010 496 et
1031 465 1134 496 verba
1155 463 1305 505 proxime
1328 463 1538 505 insequentia
1554 459 1681 495 ‘ludere
1704 457 1854 495 doctior'.

239 524 386 558 Omnino
399 524 552 565 exempla
565 524 828 566 corruptelarum
838 523 1021 557 verbalium
1034 524 1160 557 nostris
1176 524 1310 556 demum
1326 523 1444 556 diebus
1460 524 1665 556 detectamm
1682 522 1854 554 rarissima

87 586 162 611 esse
195 577 350 610 diximus.
395 575 493 615 Quod
527 577 559 608 et
591 586 652 617 per
685 585 722 608 se
757 575 943 617 exspectari
977 575 1092 614 debet,
1127 585 1201 608 cum
1224 586 1284 617 per
1306 578 1463 617 quattuor
1491 575 1573 607 haec
1602 574 1735 607 saecula
1763 573 1854 606 criti-

89 632 213 669 corum,
236 630 335 671 atque
358 628 446 660 inter
468 637 526 660 eos
551 637 757 660 summorum
780 628 964 666 hominum,
989 627 1099 659 studia
1122 627 1156 659 in
1180 627 1338 668 operibus
1360 626 1490 659 Horatii
1517 626 1733 659 recensendis
1755 627 1854 667 atque

89 679 310 715 emendandis
326 680 458 713 versata
473 679 551 718 sint,
576 680 608 711 et
624 679 829 720 experientia
844 679 1039 720 plerumque
1066 679 1116 710 vel
1133 678 1167 710 in
1184 679 1224 710 iis
1249 679 1494 719 comprobatur,
1518 688 1603 719 quae
1617 679 1686 710 tam
1702 677 1856 718 speciosa

90 733 180 772 sunt,
201 733 238 764 ut
261 730 375 764 statim
398 730 494 763 initio
518 731 699 763 multorum
721 731 840 772 plausu
863 730 1081 771 excipiantur.
1115 731 1208 763 Solet
1230 732 1344 763 tamen
1368 729 1423 762 ille
1445 730 1592 771 plausus,
1619 731 1655 761 ut
1677 739 1698 761 a
1718 728 1799 761 viris
1822 730 1855 760 et

0 791 4 795 '
51 825 54 828 Ι
87 783 180 826 ipsis,
202 784 310 816 artem
332 782 482 815 criticam
505 782 738 815 exercentibus
756 782 863 821 datus,
887 782 935 814 sic
959 783 1172 823 comparatus
1196 791 1280 820 esse,
1303 783 1339 813 ut
1361 781 1505 822 primum
1527 781 1583 813 alii
1606 780 1739 822 quidem
1763 789 1856 812 mero

88 842 257 868 consensu
278 843 478 875 prosperum
501 833 592 873 illud,
620 835 657 866 ut
680 834 762 875 ipsis
786 833 926 873 videtur,
954 834 1126 866 inventum
1148 835 1404 874 prosequantur,
1440 835 1510 865 tum
1544 832 1600 865 alii
1633 832 1857 873 corruptelam

87 887 178 920 recte
199 885 334 928 quidem
354 885 557 927 patefactam
581 895 656 918 esse
673 885 869 924 concedant,
893 885 952 917 sed
969 886 1107 918 meliore
1123 885 1369 917 medicamento
1386 885 1497 916 sanari
1519 894 1620 925 posse
1637 883 1857 920 contendant:

88 937 142 972 his
167 937 238 971 fere
261 937 349 970 inter
373 947 409 970 se
432 937 638 969 certantibus
663 937 784 970 deinde
807 937 983 975 exsistunt,
1018 937 1073 978 qui
1098 936 1297 977 scripturam
1322 936 1476 968 traditam
1511 935 1702 973 defendant,
1736 935 1857 976 partim

87 999 170 1023 sane
190 999 378 1031 perperam,
400 989 523 1030 partim
546 988 676 1027 merito,
706 989 752 1021 ita
774 991 810 1021 ut
832 988 1068 1030 plaudentibus
1097 987 1317 1028 prudentibus
1351 988 1394 1019 ad
1428 987 1628 1028 scripturam
1661 986 1855 1027 primariam

90 1041 226 1074 interim
259 1039 489 1073 addubitatam
524 1039 662 1072 redeant
696 1040 841 1073 editores
875 1041 974 1081 atque
1006 1040 1217 1080 interpretes.
1285 1039 1388 1071 Cuius
1428 1039 1475 1070 rei
1509 1038 1679 1080 specimen
1713 1038 1857 1070 maxime

86 1091 304 1132 memorabile
332 1092 471 1133 praebet
500 1092 663 1132 epistulae
697 1091 773 1124 libri
800 1091 899 1133 primi
927 1093 1106 1130 extremae,
1141 1100 1240 1132 quam
1274 1091 1447 1123 vobiscum
1482 1100 1559 1122 mox
1593 1091 1856 1131 per-tractaturus

88 1147 174 1184 sum,
195 1153 312 1176 versus
334 1142 485 1175 vicesimi
509 1143 617 1184 quarti
641 1143 797 1182 clausula,
821 1153 886 1184 qua
897 1141 1170 1184 ‘praecanum,
1194 1142 1357 1174 solibus
1380 1138 1530 1183 aptum’
1555 1151 1592 1174 se
1607 1151 1682 1173 esse
1697 1141 1855 1174 Horatius

87 1194 180 1229 dicit.
216 1194 315 1234 Quod
331 1204 406 1227 cum
420 1194 656 1236 prudentiores
674 1195 873 1236 interpretes
890 1196 923 1226 et
938 1194 1059 1226 vetusti
1084 1196 1116 1226 et
1129 1193 1334 1226 recentiores
1358 1193 1404 1226 ita
1421 1193 1489 1225 sere
1505 1193 1713 1234 interpretati
1729 1192 1806 1231 sint,
1822 1194 1858 1224 ut

87 1246 248 1290 Horatius
272 1256 308 1279 se
332 1246 453 1278 caloris
477 1247 646 1278 amantem
670 1246 812 1287 ideoque
835 1246 877 1278 ad
900 1246 1140 1287 apricationem
1175 1245 1247 1286 ipsa
1270 1245 1338 1277 fere
1373 1247 1492 1277 natura
1524 1245 1619 1286 quasi
1653 1244 1856 1277 destinatum

87 1300 187 1341 atque
210 1297 367 1331 idoneum
392 1297 636 1339 significaverit,
660 1297 789 1330 collatis
813 1297 977 1339 imprimis
991 1297 1108 1335 Persii,
1133 1298 1327 1329 constanter
1349 1297 1479 1329 Horatii
1501 1296 1640 1337 vestigia
1661 1296 1856 1337 prementis,

85 1356 204 1383 versus
234 1348 356 1382 satirae
385 1349 521 1391 quintae
544 1349 718 1381 centesimi
741 1349 978 1390 septuagesimi
1000 1349 1081 1381 noni
1104 1345 1240 1390 ‘apricis
1270 1346 1426 1387 senibus',
1459 1348 1713 1381 Doederleinius
1747 1348 1855 1389 ipsum

87 1401 207 1444 aptus
229 1401 427 1434 vocabulum
443 1400 520 1433 huic
536 1400 753 1442 explicationi
776 1410 845 1433 non
868 1403 982 1442 aptum
1006 1400 1172 1432 immerito
1195 1399 1421 1441 existimans*)
1445 1399 1486 1432 de
1498 1399 1628 1432 Horatii
1649 1399 1791 1437 calvitie,
1813 1408 1855 1431 ne

89 1452 172 1486 satis
195 1451 330 1496 quidem
351 1452 434 1484 locis
458 1452 500 1484 ab
517 1461 556 1484 eo
579 1451 689 1485 allatis
706 1451 862 1491 indicata,
879 1452 985 1484 facete
998 1461 1090 1490 sane,
1112 1454 1149 1484 ut
1171 1452 1243 1484 eius
1265 1461 1339 1484 mos
1363 1453 1444 1489 erat,
1468 1451 1527 1483 sed
1551 1452 1639 1483 certe
1662 1460 1732 1483 non
1754 1452 1855 1490 recte,

87 1503 190 1538 verba
218 1503 276 1537 illa
302 1504 526 1545 intellegenda
555 1513 630 1536 esse
664 1504 794 1537 censuit
827 1504 861 1536 in
889 1504 1070 1536 lectionum
1093 1503 1351 1535 Horatianarum
1385 1502 1511 1535 decade
1533 1502 1697 1542 Erlangae
1718 1511 1748 1534 a.
1774 1503 1855 1534 1828

89 1555 188 1596 edita,
212 1555 302 1598 quod
325 1557 358 1588 et
380 1555 415 1587 in
432 1557 515 1588 orat.
539 1557 572 1587 et
595 1557 807 1588 commentat.
824 1555 887 1588 vol.
906 1556 961 1588 alt.
978 1565 1009 1596 p.
1026 1556 1088 1587 229
1111 1554 1328 1596 repetendum
1352 1564 1427 1586 esse
1443 1554 1573 1587 censuit
1595 1556 1627 1586 et
1650 1554 1684 1586 in
1708 1553 1854 1586 editione

87 1608 304 1651 epistularum
326 1607 586 1640 Horatianarum
609 1618 684 1640 cum
706 1607 862 1640 versione
885 1607 1083 1640 Germanica
1105 1606 1206 1648 (Lips.
1219 1616 1248 1638 a.
1264 1606 1358 1647 1858)
1381 1606 1393 1637 I
1415 1616 1446 1647 p.
1464 1606 1531 1637 161.
1562 1605 1646 1637 Cum
1668 1615 1747 1637 vero
1770 1614 1854 1646 opus

88 1662 188 1700 esset,
209 1662 254 1694 utv
268 1669 427 1701 perversa
449 1659 512 1692 hac
541 1659 816 1701 interpretatione
839 1659 963 1692 reiecta
985 1659 1028 1691 ad
1051 1658 1235 1699 simplicem
1265 1658 1355 1689 illam
1388 1659 1488 1698 atque
1522 1659 1647 1689 rectam
1677 1656 1854 1689 verborum

86 1710 285 1756 traditorum
319 1711 576 1753 explicationem
609 1711 782 1751 rediretur,
816 1711 912 1744 aliter
946 1720 1000 1743 res
1035 1709 1154 1742 evenit.
1198 1709 1281 1742 Nam
1309 1709 1477 1750 Augustus
1499 1708 1692 1746 Meinekius,
1725 1708 1774 1740 vir
1803 1708 1854 1740 in·

87 1763 341 1806 geniosissimus
365 1773 446 1796 sane
470 1765 504 1795 et
526 1762 750 1802 acutissimus,
774 1763 834 1795 sed
862 1762 940 1795 inde
969 1762 1070 1794 etiam
1098 1761 1141 1793 ad
1168 1761 1346 1794 mutandas
1375 1760 1558 1801 scripturas
1585 1759 1726 1792 traditas
1753 1760 1853 1801 paulo

85 1814 282 1857 promptior,
312 1825 387 1847 cum
413 1815 542 1847 iteratis
573 1814 659 1847 curis
689 1815 863 1847 Horatium
886 1824 976 1847 anno
1002 1813 1083 1846 1854
1105 1813 1230 1852 ederet,
1259 1812 1570 1853 interpretationem
1599 1811 1733 1853 quidem
1762 1811 1853 1844 illam

90 1866 308 1906 addubitavit,
342 1866 402 1899 sed
434 1867 524 1899 haud
551 1866 662 1898 minus
685 1866 726 1898 de
749 1876 821 1898 voc.
846 1864 964 1908 ‘aptus’
995 1865 1230 1898 Doederleinio
1263 1864 1453 1896 assentiens
1488 1864 1522 1895 in
1554 1862 1773 1904 praefationis
1807 1862 1853 1895 illi

87 1918 227 1951 editioni
248 1918 454 1960 praemissae
469 1928 500 1959 p.
518 1918 651 1950 XXXIX
674 1917 901 1950 coniecturam
923 1917 966 1950 ad
981 1917 1089 1949 locum
1107 1926 1147 1948 eo
1162 1926 1268 1958 usque
1291 1926 1310 1948 a
1326 1915 1461 1948 nemine
1475 1915 1663 1947 vellicatum
1678 1915 1853 1956 proposuit

87 1979 226 2012 eamque
242 1969 324 2011 satis
340 1980 361 2002 a
376 1970 541 2011 scriptura
556 1969 679 2002 tradita
694 1972 858 2002 remotam
874 1969 920 2011 (1)
944 1969 1047 2001 solis
1071 1968 1254 2001 amicum.
1292 1967 1506 2001 Dubitatione
1522 1967 1624 2000 semel
1641 1969 1732 1999 mota
1748 1966 1852 1999 secuti

234 2149 258 2184 ¹*)
277 2150 318 2177 cf.
327 2149 410 2177 modo
421 2151 530 2184 praeter
539 2149 627 2176 multa
636 2148 691 2176 ulia
710 2158 726 2176 a
738 2149 803 2176 viris
816 2149 904 2176 doctis
923 2152 1063 2183 congesta.
1083 2149 1168 2176 veluti
1182 2149 1267 2183 ipsius
1280 2149 1385 2176 Horatii
1398 2151 1449 2175 sat.
1462 2149 1480 2176 l.
1491 2149 1515 2179 3.
1529 2157 1553 2175 v.
1565 2149 1600 2175 29
1618 2156 1659 2182 sq.
1682 2146 1852 2175 ‘lmeundior

86 2195 129 2221 est
145 2193 249 2229 pauno.
273 2193 364 2221 minus
389 2195 469 2228 aptus
487 2193 574 2220 acutis
593 2193 710 2220 Naribus
729 2194 827 2220 horum
845 2190 992 2220 hominum'
1014 2196 1042 2219 et
1054 2193 1144 2220 Ovidii
1165 2193 1272 2220 Metam.
1284 2193 1330 2220 111.
1343 2201 1366 2220 v.
1379 2191 1545 2227 596'portus
1559 2192 1694 2226 puppibus
1706 2190 1804 2226 nptos',
1815 2193 1852 2219 ab

84 2237 187 2265 Ottone
199 2237 312 2264 Kellero
330 2237 489 2268 indicatum.
509 2244 550 2268 ea.
569 2245 641 2271 quae
654 2237 806 2264 Guilelmus
818 2237 852 2264 de
865 2237 960 2264 Hartel
975 2237 1066 2264 attulit
1077 2237 1105 2264 in
1118 2237 1187 2264 actis
1200 2237 1403 2271 gymnasiorum
1415 2236 1619 2263 Austriacorum
1636 2235 1742 2262 a.·1876
1754 2244 1780 2270 p.
1792 2235 1852 2267 26¹,

87 2281 236 2308 earundem
259 2280 318 2308 scil.
335 2280 596 2314 Metamorphoseon
621 2280 667 2307 lib.
686 2280 754 2307 XIV.
772 2289 796 2307 v.
815 2281 849 2307 25
867 2289 908 2314 sq.
933 2281 966 2307 de
990 2281 1066 2307 Circe
1089 2281 1187 2307 Glauci
1214 2289 1307 2307 amore
1334 2281 1446 2307 incensa
1477 2279 1523 2306 'At
1550 2279 1635 2310 Circe,
1662 2287 1752 2313 neque
1779 2279 1851 2306 enim

86 2324 204 2352 flammis
222 2324 309 2351 habet
326 2324 416 2358 aptius
435 2323 493 2350 ulla
511 2323 625 2350 Talibus
644 2321 787 2357 ingenium'
816 2321 1134 2358 (liebeempt‘anglicher'
1156 2324 1187 2351 O.
1207 2324 1291 2357 Korn)
1319 2326 1346 2350 et
1373 2324 1495 2350 eiusdem
1522 2325 1621 2357 poetae
1647 2322 1714 2348 artis
1741 2322 1851 2349 amandi

83 2367 132 2402 lib.
155 2367 176 2395 1.
200 2376 224 2394 v.
248 2367 299 2394 237
318 2363 401 2394 ‘Vina
423 2369 522 2401 parant
543 2366 651 2393 animos
674 2367 833 2401 faciuntque
857 2367 995 2394 caloribus
1013 2365 1109 2401 aptos'.
1133 2368 1180 2402 qui
1204 2367 1258 2394 loci
1281 2375 1329 2394 cur
1353 2367 1414 2394 aliis
1437 2374 1492 2394 non
1516 2366 1585 2393 satis
1608 2365 1766 2400 probabiles
1788 2373 1851 2392 esse

84 2411 236 2442 videantur,
256 2411 384 2445 equidem
403 2419 458 2437 non
482 2410 629 2445 perspicio;
649 2411 710 2437 add.
730 2412 757 2437 et
775 2419 827 2438 am.
846 2411 865 2438 1.
883 2411 908 2442 5.
926 2419 952 2438 v,
970 2411 1005 2438 20
1022 2411 1058 2445 (v.
1077 2419 1102 2445 p.
1123 2411 1166 2444 10)
1193 2413 1221 2438 et
1244 2411 1299 2437 luv.
1319 2411 1334 2437 7
1354 2419 1378 2437 v.
1400 2411 1436 2437 58
1458 2418 1499 2444 sq.
1523 2418 1540 2436 a
1557 2409 1704 2436 Weidnero
1727 2409 1849 2436 adlatum

85 2454 191 2489 (philol.
210 2454 253 2486 35.
270 2455 332 2488 566)
347 2453 531 2488 'cupidusque
550 2454 679 2480 silvarum
699 2456 835 2488 aptusque
853 2454 980 2481 bibendis
998 2454 1130 2481 Fontibus
1153 2452 1310 2484 Aonidum':
1335 2454 1369 2480 ad
1387 2462 1445 2480 rem
1465 2454 1499 2480 cf.
1518 2452 1650 2487 imprimis
1673 2452 1728 2479 Cic.
1747 2453 1773 2479 d.
1791 2460 1850 2479 sen.

84 2499 102 2533 5
121 2497 163 2525 57.
195 2496 258 2525 ‘Ubi
275 2498 351 2525 enim
368 2500 460 2532 potest
478 2497 528 2524 illa
545 2499 622 2524 aetas
645 2500 692 2525 aut
710 2497 848 2525 calescere
871 2498 915 2525 vel
939 2498 1107 2533 apricatione
1131 2497 1229 2524 melius
1252 2497 1296 2524 vel
1319 2497 1376 2531 igni
1398 2499 1445 2524 aut
1467 2496 1587 2523 vicissim
1609 2495 1714 2523 imbris
1736 2496 1850 2530 aquisve

83 2541 252 2576 ren-igremri
269 2537 430 2569 salubrius?
