<?xml version="1.0" encoding="UTF-8"?>
<!DOCTYPE html PUBLIC "-//W3C//DTD XHTML 1.0 Transitional//EN"
    "http://www.w3.org/TR/xhtml1/DTD/xhtml1-transitional.dtd">
<html xmlns="http://www.w3.org/1999/xhtml" xml:lang="en" lang="en">
 <head>
  <title>
</title>
<meta http-equiv="Content-Type" content="text/html;charset=utf-8" />
  <meta name='ocr-system' content='tesseract 3.04.00' />
  <meta name='ocr-capabilities' content='ocr_page ocr_carea ocr_par ocr_line ocrx_word'/>
</head>
<body>
  <div class='ocr_page' id='page_1' title='image "./ueberdieentstehu00benfuoft_0327.png"; bbox 0 0 2138 2748; ppageno 0'>
   <div class='ocr_carea' id='block_1_1' title="bbox 0 0 27 108">
    <p class='ocr_par' dir='ltr' id='par_1_1' title="bbox 0 0 27 108">
     <span class='ocr_line' id='line_1_1' title="bbox 0 0 27 108; textangle 90"><span class='ocrx_word' id='word_1_1' title='bbox 21 99 27 108; x_wconf 63' lang='grc' dir='ltr'><strong><em>η</em></strong></span> <span class='ocrx_word' id='word_1_2' title='bbox 0 79 20 92; x_wconf 43' lang='grc' dir='ltr'>ἶ</span> <span class='ocrx_word' id='word_1_3' title='bbox 0 0 15 71; x_wconf 49' lang='lat' dir='ltr'>&#39;‘-q</span> 
     </span>
    </p>
   </div>
   <div class='ocr_carea' id='block_1_2' title="bbox 93 252 1884 1355">
    <p class='ocr_par' dir='ltr' id='par_1_2' title="bbox 973 252 1054 284">
     <span class='ocr_line' id='line_1_2' title="bbox 973 252 1054 284; baseline 0 0"><span class='ocrx_word' id='word_1_4' title='bbox 973 253 1010 284; x_wconf 86' lang='lat'>17</span> <span class='ocrx_word' id='word_1_5' title='bbox 1050 252 1054 256; x_wconf 62' lang='lat'><strong><em>⁴</em></strong></span> 
     </span>
    </p>

    <p class='ocr_par' dir='ltr' id='par_1_3' title="bbox 96 339 1884 741">
     <span class='ocr_line' id='line_1_3' title="bbox 101 339 1884 388; baseline 0.003 -12"><span class='ocrx_word' id='word_1_6' title='bbox 101 339 300 384; x_wconf 82' lang='lat' dir='ltr'>parationis&#39;</span> <span class='ocrx_word' id='word_1_7' title='bbox 324 343 488 384; x_wconf 78' lang='lat' dir='ltr'><strong>scriptore</strong></span> <span class='ocrx_word' id='word_1_8' title='bbox 510 346 708 385; x_wconf 87' lang='lat' dir='ltr'>usurpatum</span> <span class='ocrx_word' id='word_1_9' title='bbox 735 354 811 378; x_wconf 86' lang='lat' dir='ltr'>esse</span> <span class='ocrx_word' id='word_1_10' title='bbox 834 345 957 378; x_wconf 79' lang='lat' dir='ltr'><strong>docent</strong></span> <span class='ocrx_word' id='word_1_11' title='bbox 981 346 1104 378; x_wconf 87' lang='lat' dir='ltr'>menda</span> <span class='ocrx_word' id='word_1_12' title='bbox 1126 346 1299 386; x_wconf 79' lang='lat' dir='ltr'><strong>quaedam,</strong></span> <span class='ocrx_word' id='word_1_13' title='bbox 1324 356 1408 388; x_wconf 79' lang='lat' dir='ltr'>quae</span> <span class='ocrx_word' id='word_1_14' title='bbox 1431 348 1563 388; x_wconf 85' lang='lat' dir='ltr'>utrique</span> <span class='ocrx_word' id='word_1_15' title='bbox 1586 348 1779 381; x_wconf 87' lang='lat' dir='ltr'>communia</span> <span class='ocrx_word' id='word_1_16' title='bbox 1806 359 1884 382; x_wconf 81' lang='lat' dir='ltr'>esse</span> 
     </span>
     <span class='ocr_line' id='line_1_4' title="bbox 102 394 1881 441; baseline 0.003 -15"><span class='ocrx_word' id='word_1_17' title='bbox 102 403 204 435; x_wconf 78' lang='lat' dir='ltr'>snpra</span> <span class='ocrx_word' id='word_1_18' title='bbox 230 394 275 435; x_wconf 76' lang='lat' dir='ltr'>(p.</span> <span class='ocrx_word' id='word_1_19' title='bbox 307 394 359 436; x_wconf 94' lang='grc'>10)</span> <span class='ocrx_word' id='word_1_20' title='bbox 384 395 659 433; x_wconf 80' lang='lat' dir='ltr'>commemoravi3</span> <span class='ocrx_word' id='word_1_21' title='bbox 683 404 783 437; x_wconf 85' lang='lat' dir='ltr'>quam</span> <span class='ocrx_word' id='word_1_22' title='bbox 813 395 967 429; x_wconf 89' lang='lat' dir='ltr'>servilem</span> <span class='ocrx_word' id='word_1_23' title='bbox 997 398 1108 428; x_wconf 86' lang='lat' dir='ltr'>autem</span> <span class='ocrx_word' id='word_1_24' title='bbox 1143 397 1178 428; x_wconf 91' lang='lat' dir='ltr'>in</span> <span class='ocrx_word' id='word_1_25' title='bbox 1207 397 1344 429; x_wconf 89' lang='lat' dir='ltr'>modum</span> <span class='ocrx_word' id='word_1_26' title='bbox 1376 398 1513 430; x_wconf 84' lang='lat' dir='ltr'>Stobaei</span> <span class='ocrx_word' id='word_1_27' title='bbox 1543 399 1666 431; x_wconf 87' lang='lat' dir='ltr'>menda</span> <span class='ocrx_word' id='word_1_28' title='bbox 1684 397 1881 441; x_wconf 84' lang='lat' dir='ltr'>‘Compara-</span> 
     </span>
     <span class='ocr_line' id='line_1_5' title="bbox 100 442 1880 491; baseline 0.004 -15"><span class='ocrx_word' id='word_1_29' title='bbox 100 442 217 486; x_wconf 84' lang='lat' dir='ltr'>tionis’</span> <span class='ocrx_word' id='word_1_30' title='bbox 247 445 391 486; x_wconf 79' lang='lat' dir='ltr'><strong>scriptor</strong></span> <span class='ocrx_word' id='word_1_31' title='bbox 425 446 616 485; x_wconf 82' lang='lat' dir='ltr'>servaverit,</span> <span class='ocrx_word' id='word_1_32' title='bbox 652 446 748 479; x_wconf 80' lang='lat' dir='ltr'>facile</span> <span class='ocrx_word' id='word_1_33' title='bbox 776 446 982 488; x_wconf 77' lang='lat' dir='ltr'>intellegitur</span> <span class='ocrx_word' id='word_1_34' title='bbox 1015 447 1146 480; x_wconf 83' lang='lat' dir='ltr'>collatis</span> <span class='ocrx_word' id='word_1_35' title='bbox 1181 447 1246 489; x_wconf 63' lang='lat' dir='ltr'>cies,</span> <span class='ocrx_word' id='word_1_36' title='bbox 1280 458 1365 489; x_wconf 88' lang='lat' dir='ltr'>quae</span> <span class='ocrx_word' id='word_1_37' title='bbox 1394 449 1481 481; x_wconf 83' lang='lat' dir='ltr'>infra</span> <span class='ocrx_word' id='word_1_38' title='bbox 1509 449 1553 482; x_wconf 88' lang='lat' dir='ltr'>ad</span> <span class='ocrx_word' id='word_1_39' title='bbox 1581 448 1880 491; x_wconf 86' lang='lat' dir='ltr'>‘Comparationis&#39;</span> 
     </span>
     <span class='ocr_line' id='line_1_6' title="bbox 100 495 1879 539; baseline 0.004 -12"><span class='ocrx_word' id='word_1_40' title='bbox 100 503 217 534; x_wconf 73' lang='lat' dir='ltr'>versus</span> <span class='ocrx_word' id='word_1_41' title='bbox 239 495 290 528; x_wconf 74' lang='lat'>60.</span> <span class='ocrx_word' id='word_1_42' title='bbox 315 495 366 528; x_wconf 82' lang='lat'>63.</span> <span class='ocrx_word' id='word_1_43' title='bbox 391 496 442 528; x_wconf 78' lang='lat'>66.</span> <span class='ocrx_word' id='word_1_44' title='bbox 458 496 510 528; x_wconf 81' lang='lat'>69.</span> <span class='ocrx_word' id='word_1_45' title='bbox 535 497 572 528; x_wconf 94' lang='grc'>71</span> <span class='ocrx_word' id='word_1_46' title='bbox 591 497 762 535; x_wconf 82' lang='lat' dir='ltr'><strong>adnotavi,</strong></span> <span class='ocrx_word' id='word_1_47' title='bbox 785 499 886 538; x_wconf 83' lang='lat' dir='ltr'>atque</span> <span class='ocrx_word' id='word_1_48' title='bbox 901 497 1047 538; x_wconf 76' lang='lat' dir='ltr'>graviter</span> <span class='ocrx_word' id='word_1_49' title='bbox 1070 498 1213 536; x_wconf 84' lang='lat' dir='ltr'>fallatur,</span> <span class='ocrx_word' id='word_1_50' title='bbox 1238 498 1266 530; x_wconf 92' lang='lat' dir='ltr'>si</span> <span class='ocrx_word' id='word_1_51' title='bbox 1283 499 1357 539; x_wconf 88' lang='lat' dir='ltr'>quis</span> <span class='ocrx_word' id='word_1_52' title='bbox 1374 499 1495 532; x_wconf 88' lang='lat' dir='ltr'>horum</span> <span class='ocrx_word' id='word_1_53' title='bbox 1511 509 1667 533; x_wconf 82' lang='lat' dir='ltr'>versuum</span> <span class='ocrx_word' id='word_1_54' title='bbox 1701 501 1879 535; x_wconf 84' lang='lat' dir='ltr'>lectionem</span> 
     </span>
     <span class='ocr_line' id='line_1_7' title="bbox 99 546 1879 593; baseline 0.003 -14"><span class='ocrx_word' id='word_1_55' title='bbox 99 546 320 586; x_wconf 72' lang='lat' dir='ltr'>barbarismis</span> <span class='ocrx_word' id='word_1_56' title='bbox 354 547 564 588; x_wconf 80' lang='lat' dir='ltr'><strong>inquinatam</strong></span> <span class='ocrx_word' id='word_1_57' title='bbox 593 547 637 581; x_wconf 84' lang='lat' dir='ltr'>ad</span> <span class='ocrx_word' id='word_1_58' title='bbox 666 547 812 589; x_wconf 81' lang='lat' dir='ltr'>optimae</span> <span class='ocrx_word' id='word_1_59' title='bbox 839 548 923 581; x_wconf 86' lang='lat' dir='ltr'>artis</span> <span class='ocrx_word' id='word_1_60' title='bbox 952 548 1082 581; x_wconf 87' lang='lat' dir='ltr'>Atticae</span> <span class='ocrx_word' id='word_1_61' title='bbox 1111 558 1265 581; x_wconf 87' lang='lat' dir='ltr'>normam</span> <span class='ocrx_word' id='word_1_62' title='bbox 1295 549 1462 590; x_wconf 81' lang='lat' dir='ltr'>corrigere</span> <span class='ocrx_word' id='word_1_63' title='bbox 1491 551 1578 583; x_wconf 86' lang='lat' dir='ltr'>velit.</span> <span class='ocrx_word' id='word_1_64' title='bbox 1625 551 1698 590; x_wconf 91' lang='lat' dir='ltr'>Quo</span> <span class='ocrx_word' id='word_1_65' title='bbox 1728 554 1879 593; x_wconf 88' lang='lat' dir='ltr'>tempore</span> 
     </span>
     <span class='ocr_line' id='line_1_8' title="bbox 98 597 1880 644; baseline 0.004 -15"><span class='ocrx_word' id='word_1_66' title='bbox 98 597 241 636; x_wconf 82' lang='lat' dir='ltr'>Ioannes</span> <span class='ocrx_word' id='word_1_67' title='bbox 267 597 436 630; x_wconf 85' lang='lat' dir='ltr'>Stobaeus</span> <span class='ocrx_word' id='word_1_68' title='bbox 464 598 696 640; x_wconf 83' lang='lat' dir='ltr'>anthologium</span> <span class='ocrx_word' id='word_1_69' title='bbox 725 599 922 638; x_wconf 80' lang='lat' dir='ltr'>confecerit,</span> <span class='ocrx_word' id='word_1_70' title='bbox 957 609 1159 640; x_wconf 83' lang='lat' dir='ltr'>quamquam</span> <span class='ocrx_word' id='word_1_71' title='bbox 1188 601 1280 632; x_wconf 83' lang='lat' dir='ltr'>certo</span> <span class='ocrx_word' id='word_1_72' title='bbox 1309 599 1375 632; x_wconf 88' lang='lat' dir='ltr'>dici</span> <span class='ocrx_word' id='word_1_73' title='bbox 1405 601 1534 641; x_wconf 87' lang='lat' dir='ltr'>nequit,</span> <span class='ocrx_word' id='word_1_74' title='bbox 1566 604 1696 641; x_wconf 87' lang='lat' dir='ltr'>tamen,</span> <span class='ocrx_word' id='word_1_75' title='bbox 1718 603 1880 644; x_wconf 86' lang='lat' dir='ltr'>quoniam</span> 
     </span>
     <span class='ocr_line' id='line_1_9' title="bbox 97 647 1878 695; baseline 0.004 -15"><span class='ocrx_word' id='word_1_76' title='bbox 97 647 263 685; x_wconf 81' lang='lat' dir='ltr'>Hieroclis</span> <span class='ocrx_word' id='word_1_77' title='bbox 286 648 517 688; x_wconf 82' lang='lat' dir='ltr'>Alexandrini,</span> <span class='ocrx_word' id='word_1_78' title='bbox 540 649 597 691; x_wconf 87' lang='lat' dir='ltr'>qui</span> <span class='ocrx_word' id='word_1_79' title='bbox 618 650 731 691; x_wconf 86' lang='lat' dir='ltr'>priore</span> <span class='ocrx_word' id='word_1_80' title='bbox 754 650 880 683; x_wconf 86' lang='lat' dir='ltr'>saeculi</span> <span class='ocrx_word' id='word_1_81' title='bbox 903 650 1009 691; x_wconf 89' lang='lat' dir='ltr'>quinti</span> <span class='ocrx_word' id='word_1_82' title='bbox 1026 652 1121 691; x_wconf 86' lang='lat' dir='ltr'>parte</span> <span class='ocrx_word' id='word_1_83' title='bbox 1143 650 1264 688; x_wconf 84' lang='lat' dir='ltr'>ssoruit,</span> <span class='ocrx_word' id='word_1_84' title='bbox 1289 650 1363 682; x_wconf 81' lang='lat' dir='ltr'>libri</span> <span class='ocrx_word' id='word_1_85' title='bbox 1388 651 1430 682; x_wconf 86' lang='lat' dir='ltr'>ab</span> <span class='ocrx_word' id='word_1_86' title='bbox 1455 661 1494 682; x_wconf 90' lang='lat' dir='ltr'>eo</span> <span class='ocrx_word' id='word_1_87' title='bbox 1517 653 1666 693; x_wconf 84' lang='lat' dir='ltr'>excerpti</span> <span class='ocrx_word' id='word_1_88' title='bbox 1690 656 1778 692; x_wconf 87' lang='lat' dir='ltr'>sunt,</span> <span class='ocrx_word' id='word_1_89' title='bbox 1801 657 1878 695; x_wconf 89' lang='lat' dir='ltr'>post</span> 
     </span>
     <span class='ocr_line' id='line_1_10' title="bbox 96 699 983 741; baseline 0.001 -9"><span class='ocrx_word' id='word_1_90' title='bbox 96 707 223 737; x_wconf 80' lang='lat' dir='ltr'>annum</span> <span class='ocrx_word' id='word_1_91' title='bbox 243 699 309 731; x_wconf 71' lang='lat'>450</span> <span class='ocrx_word' id='word_1_92' title='bbox 330 709 407 737; x_wconf 84' lang='lat' dir='ltr'>eum</span> <span class='ocrx_word' id='word_1_93' title='bbox 430 700 609 741; x_wconf 79' lang='lat' dir='ltr'>scripsisse</span> <span class='ocrx_word' id='word_1_94' title='bbox 632 702 899 733; x_wconf 80' lang='lat' dir='ltr'>consentaneum</span> <span class='ocrx_word' id='word_1_95' title='bbox 922 703 983 734; x_wconf 86' lang='lat' dir='ltr'>cst.</span> 
     </span>
    </p>

    <p class='ocr_par' dir='ltr' id='par_1_4' title="bbox 95 749 1879 999">
     <span class='ocr_line' id='line_1_11' title="bbox 249 749 1879 794; baseline 0.004 -12"><span class='ocrx_word' id='word_1_96' title='bbox 249 749 458 783; x_wconf 88' lang='lat' dir='ltr'>Certioribus</span> <span class='ocrx_word' id='word_1_97' title='bbox 487 751 632 793; x_wconf 86' lang='lat' dir='ltr'>denique</span> <span class='ocrx_word' id='word_1_98' title='bbox 652 751 774 784; x_wconf 84' lang='lat' dir='ltr'>finibus</span> <span class='ocrx_word' id='word_1_99' title='bbox 797 754 930 793; x_wconf 90' lang='lat' dir='ltr'>tempus</span> <span class='ocrx_word' id='word_1_100' title='bbox 948 749 1246 793; x_wconf 81' lang='lat' dir='ltr'>‘Comparationis’</span> <span class='ocrx_word' id='word_1_101' title='bbox 1273 753 1481 794; x_wconf 86' lang='lat' dir='ltr'>compositae</span> <span class='ocrx_word' id='word_1_102' title='bbox 1502 753 1732 787; x_wconf 83' lang='lat' dir='ltr'>circumscribi</span> <span class='ocrx_word' id='word_1_103' title='bbox 1748 756 1879 788; x_wconf 86' lang='lat' dir='ltr'>videtur</span> 
     </span>
     <span class='ocr_line' id='line_1_12' title="bbox 95 785 1879 847; baseline 0.003 -15"><span class='ocrx_word' id='word_1_104' title='bbox 95 785 199 841; x_wconf 77' lang='lat' dir='ltr'>posse</span> <span class='ocrx_word' id='word_1_105' title='bbox 215 801 344 834; x_wconf 89' lang='lat' dir='ltr'>collata</span> <span class='ocrx_word' id='word_1_106' title='bbox 367 801 516 834; x_wconf 89' lang='lat' dir='ltr'>Choricii</span> <span class='ocrx_word' id='word_1_107' title='bbox 541 803 696 844; x_wconf 83' lang='lat' dir='ltr'>apologia</span> <span class='ocrx_word' id='word_1_108' title='bbox 719 803 910 842; x_wconf 85' lang='lat' dir='ltr'>mimorum,</span> <span class='ocrx_word' id='word_1_109' title='bbox 935 804 968 835; x_wconf 90' lang='lat' dir='ltr'>in</span> <span class='ocrx_word' id='word_1_110' title='bbox 992 813 1058 844; x_wconf 87' lang='lat' dir='ltr'>qua</span> <span class='ocrx_word' id='word_1_111' title='bbox 1081 803 1166 836; x_wconf 87' lang='lat' dir='ltr'>haec</span> <span class='ocrx_word' id='word_1_112' title='bbox 1181 803 1336 844; x_wconf 71' lang='lat' dir='ltr'>leguntur</span> <span class='ocrx_word' id='word_1_113' title='bbox 1358 804 1423 844; x_wconf 85' lang='lat'>(18,</span> <span class='ocrx_word' id='word_1_114' title='bbox 1446 804 1466 836; x_wconf 71' lang='lat'>2</span> <span class='ocrx_word' id='word_1_115' title='bbox 1490 804 1541 836; x_wconf 88' lang='lat' dir='ltr'>ed.</span> <span class='ocrx_word' id='word_1_116' title='bbox 1557 804 1697 846; x_wconf 82' lang='lat' dir='ltr'>Graux):</span> <span class='ocrx_word' id='word_1_117' title='bbox 1720 807 1797 847; x_wconf 83' lang='grc' dir='ltr'>φασὶ</span> <span class='ocrx_word' id='word_1_118' title='bbox 1818 806 1879 839; x_wconf 81' lang='grc' dir='ltr'>τὸν</span> 
     </span>
     <span class='ocr_line' id='line_1_13' title="bbox 97 846 1878 899; baseline 0.003 -16"><span class='ocrx_word' id='word_1_119' title='bbox 97 846 288 893; x_wconf 72' lang='grc' dir='ltr'>εὑρηκότα</span> <span class='ocrx_word' id='word_1_120' title='bbox 310 850 376 894; x_wconf 76' lang='grc' dir='ltr'>τὴν</span> <span class='ocrx_word' id='word_1_121' title='bbox 399 849 491 894; x_wconf 84' lang='grc' dir='ltr'>ὑπὲρ</span> <span class='ocrx_word' id='word_1_122' title='bbox 514 852 558 895; x_wconf 76' lang='grc' dir='ltr'>ἧς</span> <span class='ocrx_word' id='word_1_123' title='bbox 584 852 825 896; x_wconf 81' lang='grc' dir='ltr'>ἀγωνίζομαι</span> <span class='ocrx_word' id='word_1_124' title='bbox 852 854 1007 896; x_wconf 77' lang='grc' dir='ltr'>τέχνην,</span> <span class='ocrx_word' id='word_1_125' title='bbox 1042 854 1075 893; x_wconf 80' lang='grc' dir='ltr'>ἐξ</span> <span class='ocrx_word' id='word_1_126' title='bbox 1097 853 1133 886; x_wconf 88' lang='grc' dir='ltr'>οὗ</span> <span class='ocrx_word' id='word_1_127' title='bbox 1162 853 1263 886; x_wconf 84' lang='grc' dir='ltr'>πάντα</span> <span class='ocrx_word' id='word_1_128' title='bbox 1290 855 1383 896; x_wconf 83' lang='grc' dir='ltr'>φησὶν</span> <span class='ocrx_word' id='word_1_129' title='bbox 1411 853 1619 897; x_wconf 75' lang='grc' dir='ltr'>ἀπαγγέλλειν</span> <span class='ocrx_word' id='word_1_130' title='bbox 1642 855 1658 887; x_wconf 82' lang='grc' dir='ltr'>ὁ</span> <span class='ocrx_word' id='word_1_131' title='bbox 1680 857 1878 899; x_wconf 82' lang='grc' dir='ltr'>προσηγορίᾳ</span> 
     </span>
     <span class='ocr_line' id='line_1_14' title="bbox 98 900 1878 947; baseline 0.003 -13"><span class='ocrx_word' id='word_1_132' title='bbox 98 901 154 944; x_wconf 59' lang='grc' dir='ltr'>μὲν</span> <span class='ocrx_word' id='word_1_133' title='bbox 175 900 328 944; x_wconf 68' lang='grc' dir='ltr'>δεύτερος,</span> <span class='ocrx_word' id='word_1_134' title='bbox 361 902 418 945; x_wconf 69' lang='grc' dir='ltr'>τήν</span> <span class='ocrx_word' id='word_1_135' title='bbox 439 902 523 943; x_wconf 83' lang='grc' dir='ltr'><strong>τάξιν</strong></span> <span class='ocrx_word' id='word_1_136' title='bbox 546 904 581 935; x_wconf 83' lang='grc' dir='ltr'>δὲ</span> <span class='ocrx_word' id='word_1_137' title='bbox 603 904 776 947; x_wconf 71' lang='grc' dir='ltr'>πρῶτος“),</span> <span class='ocrx_word' id='word_1_138' title='bbox 811 905 928 938; x_wconf 74' lang='grc' dir='ltr'>ἐκεῖνον</span> <span class='ocrx_word' id='word_1_139' title='bbox 961 903 1000 947; x_wconf 77' lang='grc' dir='ltr'>δὴ</span> <span class='ocrx_word' id='word_1_140' title='bbox 1035 905 1160 947; x_wconf 76' lang='grc' dir='ltr'>λέγουσι</span> <span class='ocrx_word' id='word_1_141' title='bbox 1193 906 1257 937; x_wconf 78' lang='grc' dir='ltr'>καὶ</span> <span class='ocrx_word' id='word_1_142' title='bbox 1289 905 1350 937; x_wconf 80' lang='grc' dir='ltr'>τὸν</span> <span class='ocrx_word' id='word_1_143' title='bbox 1388 906 1509 938; x_wconf 80' lang='grc' dir='ltr'>παῖδα</span> <span class='ocrx_word' id='word_1_144' title='bbox 1546 906 1610 940; x_wconf 84' lang='grc' dir='ltr'>τὸν</span> <span class='ocrx_word' id='word_1_145' title='bbox 1642 907 1878 947; x_wconf 75' lang='grc' dir='ltr'>Διοπείθους</span> 
     </span>
     <span class='ocr_line' id='line_1_15' title="bbox 96 950 1878 999; baseline 0.003 -14"><span class='ocrx_word' id='word_1_146' title='bbox 96 950 307 995; x_wconf 68' lang='grc' dir='ltr'>ἡλικιώτας</span> <span class='ocrx_word' id='word_1_147' title='bbox 333 952 362 985; x_wconf 89' lang='grc' dir='ltr'>τ’</span> <span class='ocrx_word' id='word_1_148' title='bbox 400 953 509 996; x_wconf 84' lang='grc' dir='ltr'>ἄμφω</span> <span class='ocrx_word' id='word_1_149' title='bbox 543 956 607 987; x_wconf 79' lang='grc' dir='ltr'>καὶ</span> <span class='ocrx_word' id='word_1_150' title='bbox 633 955 770 997; x_wconf 85' lang='grc' dir='ltr'>φίλους</span> <span class='ocrx_word' id='word_1_151' title='bbox 793 955 838 988; x_wconf 85' lang='grc' dir='ltr'>ὅτι</span> <span class='ocrx_word' id='word_1_152' title='bbox 866 954 990 999; x_wconf 83' lang='grc' dir='ltr'>μάλιστ’</span> <span class='ocrx_word' id='word_1_153' title='bbox 1021 956 1107 996; x_wconf 76' lang='grc' dir='ltr'>εἶναι,</span> <span class='ocrx_word' id='word_1_154' title='bbox 1136 954 1341 995; x_wconf 80' lang='grc' dir='ltr'>συνάπτοντος</span> <span class='ocrx_word' id='word_1_155' title='bbox 1363 955 1443 988; x_wconf 73' lang='grc' dir='ltr'>καθ’</span> <span class='ocrx_word' id='word_1_156' title='bbox 1469 955 1608 999; x_wconf 82' lang='grc' dir='ltr'>Ὅμηρον</span> <span class='ocrx_word' id='word_1_157' title='bbox 1629 958 1684 990; x_wconf 85' lang='grc' dir='ltr'>τοῦ</span> <span class='ocrx_word' id='word_1_158' title='bbox 1706 959 1786 991; x_wconf 71' lang='grc' dir='ltr'>θεοῦ</span> <span class='ocrx_word' id='word_1_159' title='bbox 1807 959 1878 997; x_wconf 83' lang='grc' dir='ltr'>τούς</span> 
     </span>
    </p>

    <p class='ocr_par' dir='ltr' id='par_1_5' title="bbox 93 999 1879 1355">
     <span class='ocr_line' id='line_1_16' title="bbox 96 999 1878 1052; baseline 0.004 -16.079"><span class='ocrx_word' id='word_1_160' title='bbox 96 999 222 1046; x_wconf 79' lang='grc' dir='ltr'>ὁμοίους</span> <span class='ocrx_word' id='word_1_161' title='bbox 243 1003 295 1036; x_wconf 84' lang='grc' dir='ltr'>τὸν</span> <span class='ocrx_word' id='word_1_162' title='bbox 327 1003 481 1046; x_wconf 52' lang='grc' dir='ltr'>τρόπονῖ),</span> <span class='ocrx_word' id='word_1_163' title='bbox 521 1007 576 1037; x_wconf 78' lang='grc' dir='ltr'>καὶ</span> <span class='ocrx_word' id='word_1_164' title='bbox 597 1005 750 1049; x_wconf 80' lang='grc' dir='ltr'>γνώμας</span> <span class='ocrx_word' id='word_1_165' title='bbox 771 1006 979 1049; x_wconf 75' lang='grc' dir='ltr'>ἐμμέτρους</span> <span class='ocrx_word' id='word_1_166' title='bbox 1020 1005 1210 1049; x_wconf 81' lang='grc' dir='ltr'>ἀλληλοις</span> <span class='ocrx_word' id='word_1_167' title='bbox 1247 1005 1485 1040; x_wconf 71' lang='grc' dir='ltr'>ἀντιτιθέναι</span> <span class='ocrx_word' id='word_1_168' title='bbox 1527 1010 1594 1040; x_wconf 82' lang='grc' dir='ltr'>καὶ</span> <span class='ocrx_word' id='word_1_169' title='bbox 1632 1009 1681 1051; x_wconf 78' lang='grc' dir='ltr'>μὴ</span> <span class='ocrx_word' id='word_1_170' title='bbox 1718 1010 1878 1052; x_wconf 75' lang='grc' dir='ltr'>χείρονα</span> 
     </span>
     <span class='ocr_line' id='line_1_17' title="bbox 96 1052 1879 1104; baseline 0.002 -15"><span class='ocrx_word' id='word_1_171' title='bbox 96 1052 322 1096; x_wconf 74' lang='grc' dir='ltr'>Μενάνδρου</span> <span class='ocrx_word' id='word_1_172' title='bbox 345 1054 455 1094; x_wconf 80' lang='grc' dir='ltr'>δόξαι</span> <span class='ocrx_word' id='word_1_173' title='bbox 478 1055 540 1088; x_wconf 87' lang='grc' dir='ltr'>τὸν</span> <span class='ocrx_word' id='word_1_174' title='bbox 563 1057 740 1098; x_wconf 63' lang='grc' dir='ltr'>ἕτερον’).</span> <span class='ocrx_word' id='word_1_175' title='bbox 785 1058 815 1090; x_wconf 88' lang='lat' dir='ltr'>Is</span> <span class='ocrx_word' id='word_1_176' title='bbox 832 1058 932 1097; x_wconf 84' lang='lat' dir='ltr'>enim,</span> <span class='ocrx_word' id='word_1_177' title='bbox 956 1058 1012 1098; x_wconf 87' lang='lat' dir='ltr'>qui</span> <span class='ocrx_word' id='word_1_178' title='bbox 1034 1058 1226 1090; x_wconf 87' lang='lat' dir='ltr'>aChoricio</span> <span class='ocrx_word' id='word_1_179' title='bbox 1249 1058 1438 1099; x_wconf 83' lang='lat' dir='ltr'>appellatur</span> <span class='ocrx_word' id='word_1_180' title='bbox 1459 1057 1476 1090; x_wconf 84' lang='grc' dir='ltr'><em>ὁ</em></span> <span class='ocrx_word' id='word_1_181' title='bbox 1499 1058 1642 1101; x_wconf 72' lang='grc' dir='ltr'>εὑρηκώς</span> <span class='ocrx_word' id='word_1_182' title='bbox 1663 1059 1719 1102; x_wconf 78' lang='grc' dir='ltr'>τὴν</span> <span class='ocrx_word' id='word_1_183' title='bbox 1741 1057 1818 1103; x_wconf 75' lang='grc' dir='ltr'>ὑπὲρ</span> <span class='ocrx_word' id='word_1_184' title='bbox 1840 1061 1879 1104; x_wconf 75' lang='grc' dir='ltr'>ἧς</span> 
     </span>
     <span class='ocr_line' id='line_1_18' title="bbox 93 1103 1878 1150; baseline 0.004 -13"><span class='ocrx_word' id='word_1_185' title='bbox 93 1103 283 1148; x_wconf 68' lang='grc' dir='ltr'>ἀγωνίζομαι</span> <span class='ocrx_word' id='word_1_186' title='bbox 304 1105 418 1148; x_wconf 78' lang='grc' dir='ltr'>τέχνην</span> <span class='ocrx_word' id='word_1_187' title='bbox 445 1107 479 1147; x_wconf 90' lang='lat' dir='ltr'>(i.</span> <span class='ocrx_word' id='word_1_188' title='bbox 509 1117 537 1139; x_wconf 90' lang='lat' dir='ltr'>e.</span> <span class='ocrx_word' id='word_1_189' title='bbox 567 1109 675 1139; x_wconf 89' lang='lat' dir='ltr'>artem</span> <span class='ocrx_word' id='word_1_190' title='bbox 703 1108 906 1150; x_wconf 85' lang='lat' dir='ltr'>mimorum),</span> <span class='ocrx_word' id='word_1_191' title='bbox 930 1118 1000 1141; x_wconf 91' lang='lat' dir='ltr'>non</span> <span class='ocrx_word' id='word_1_192' title='bbox 1030 1109 1183 1141; x_wconf 74' lang='lat' dir='ltr'>Philemo</span> <span class='ocrx_word' id='word_1_193' title='bbox 1196 1109 1219 1150; x_wconf 81' lang='lat'>⁴)</span> <span class='ocrx_word' id='word_1_194' title='bbox 1243 1111 1295 1141; x_wconf 85' lang='lat' dir='ltr'>est</span> <span class='ocrx_word' id='word_1_195' title='bbox 1323 1112 1424 1150; x_wconf 82' lang='lat' dir='ltr'>poeta</span> <span class='ocrx_word' id='word_1_196' title='bbox 1447 1110 1608 1148; x_wconf 84' lang='lat' dir='ltr'>comicus</span> <span class='ocrx_word' id='word_1_197' title='bbox 1639 1112 1698 1143; x_wconf 87' lang='lat' dir='ltr'>sed</span> <span class='ocrx_word' id='word_1_198' title='bbox 1722 1112 1878 1146; x_wconf 84' lang='lat' dir='ltr'>Philistio</span> 
     </span>
     <span class='ocr_line' id='line_1_19' title="bbox 97 1155 1875 1202; baseline 0.004 -14"><span class='ocrx_word' id='word_1_199' title='bbox 97 1155 359 1198; x_wconf 71' lang='lat' dir='ltr'>mimographus,</span> <span class='ocrx_word' id='word_1_200' title='bbox 382 1159 482 1198; x_wconf 85' lang='lat' dir='ltr'>atque</span> <span class='ocrx_word' id='word_1_201' title='bbox 505 1159 547 1190; x_wconf 87' lang='lat' dir='ltr'>ab</span> <span class='ocrx_word' id='word_1_202' title='bbox 571 1158 636 1190; x_wconf 91' lang='lat' dir='ltr'>hoc</span> <span class='ocrx_word' id='word_1_203' title='bbox 660 1159 798 1192; x_wconf 88' lang='lat' dir='ltr'>mimum</span> <span class='ocrx_word' id='word_1_204' title='bbox 822 1159 994 1192; x_wconf 90' lang='lat' dir='ltr'>inventum</span> <span class='ocrx_word' id='word_1_205' title='bbox 1017 1170 1092 1192; x_wconf 87' lang='lat' dir='ltr'>esse</span> <span class='ocrx_word' id='word_1_206' title='bbox 1116 1170 1185 1192; x_wconf 92' lang='lat' dir='ltr'>non</span> <span class='ocrx_word' id='word_1_207' title='bbox 1209 1162 1339 1192; x_wconf 82' lang='lat' dir='ltr'>tantum</span> <span class='ocrx_word' id='word_1_208' title='bbox 1355 1161 1531 1194; x_wconf 85' lang='lat' dir='ltr'>Choricius</span> <span class='ocrx_word' id='word_1_209' title='bbox 1555 1162 1649 1202; x_wconf 84' lang='lat' dir='ltr'>dixit,</span> <span class='ocrx_word' id='word_1_210' title='bbox 1674 1163 1733 1194; x_wconf 90' lang='lat' dir='ltr'>sed</span> <span class='ocrx_word' id='word_1_211' title='bbox 1757 1164 1875 1197; x_wconf 81' lang='lat' dir='ltr'>eodem</span> 
     </span>
     <span class='ocr_line' id='line_1_20' title="bbox 97 1206 1877 1254; baseline 0.005 -15"><span class='ocrx_word' id='word_1_212' title='bbox 97 1206 166 1240; x_wconf 81' lang='lat' dir='ltr'>fere</span> <span class='ocrx_word' id='word_1_213' title='bbox 193 1208 345 1250; x_wconf 85' lang='lat' dir='ltr'>tempore</span> <span class='ocrx_word' id='word_1_214' title='bbox 375 1208 629 1248; x_wconf 85' lang='lat' dir='ltr'>Cassiodorius,</span> <span class='ocrx_word' id='word_1_215' title='bbox 664 1210 720 1251; x_wconf 91' lang='lat' dir='ltr'>qui</span> <span class='ocrx_word' id='word_1_216' title='bbox 754 1212 914 1251; x_wconf 81' lang='lat' dir='ltr'>regnante</span> <span class='ocrx_word' id='word_1_217' title='bbox 944 1211 1158 1243; x_wconf 87' lang='lat' dir='ltr'>Theodorico</span> <span class='ocrx_word' id='word_1_218' title='bbox 1188 1211 1272 1243; x_wconf 87' lang='lat' dir='ltr'>haec</span> <span class='ocrx_word' id='word_1_219' title='bbox 1307 1211 1441 1252; x_wconf 86' lang='lat' dir='ltr'>scripsit</span> <span class='ocrx_word' id='word_1_220' title='bbox 1476 1212 1557 1253; x_wconf 86' lang='lat' dir='ltr'>(var</span> <span class='ocrx_word' id='word_1_221' title='bbox 1587 1213 1627 1245; x_wconf 94' lang='lat' dir='ltr'>1v</span> <span class='ocrx_word' id='word_1_222' title='bbox 1654 1214 1723 1254; x_wconf 82' lang='lat'>51):</span> <span class='ocrx_word' id='word_1_223' title='bbox 1759 1214 1877 1249; x_wconf 71' lang='lat' dir='ltr'>mimus</span> 
     </span>
     <span class='ocr_line' id='line_1_21' title="bbox 95 1255 1877 1304; baseline 0.004 -14"><span class='ocrx_word' id='word_1_224' title='bbox 95 1255 198 1297; x_wconf 86' lang='grc' dir='ltr'>εὐίων),</span> <span class='ocrx_word' id='word_1_225' title='bbox 227 1257 284 1299; x_wconf 74' lang='lat' dir='ltr'>qui</span> <span class='ocrx_word' id='word_1_226' title='bbox 311 1267 400 1291; x_wconf 79' lang='lat' dir='ltr'>nunc</span> <span class='ocrx_word' id='word_1_227' title='bbox 429 1259 645 1292; x_wconf 79' lang='lat' dir='ltr'>tantummodo</span> <span class='ocrx_word' id='word_1_228' title='bbox 673 1260 795 1293; x_wconf 69' lang='lat' dir='ltr'>derisui</span> <span class='ocrx_word' id='word_1_229' title='bbox 823 1260 963 1301; x_wconf 78' lang='lat' dir='ltr'>habetur,</span> <span class='ocrx_word' id='word_1_230' title='bbox 993 1263 1084 1294; x_wconf 77' lang='lat' dir='ltr'>tanta</span> <span class='ocrx_word' id='word_1_231' title='bbox 1111 1260 1316 1294; x_wconf 59' lang='lat' dir='ltr'>Philistionis</span> <span class='ocrx_word' id='word_1_232' title='bbox 1338 1262 1459 1295; x_wconf 74' lang='lat' dir='ltr'>cautela</span> <span class='ocrx_word' id='word_1_233' title='bbox 1487 1265 1629 1304; x_wconf 68' lang='lat' dir='ltr'>reperttoe</span> <span class='ocrx_word' id='word_1_234' title='bbox 1655 1266 1715 1302; x_wconf 76' lang='lat' dir='ltr'>est,</span> <span class='ocrx_word' id='word_1_235' title='bbox 1744 1267 1781 1296; x_wconf 80' lang='lat' dir='ltr'>ut</span> <span class='ocrx_word' id='word_1_236' title='bbox 1807 1264 1877 1298; x_wconf 74' lang='lat' dir='ltr'>eius</span> 
     </span>
     <span class='ocr_line' id='line_1_22' title="bbox 93 1309 1876 1355; baseline 0.004 -15"><span class='ocrx_word' id='word_1_237' title='bbox 93 1309 184 1341; x_wconf 76' lang='lat' dir='ltr'>actus</span> <span class='ocrx_word' id='word_1_238' title='bbox 199 1311 374 1350; x_wconf 76' lang='lat' dir='ltr'>poneretur</span> <span class='ocrx_word' id='word_1_239' title='bbox 401 1309 439 1341; x_wconf 73' lang='lat' dir='ltr'>in</span> <span class='ocrx_word' id='word_1_240' title='bbox 467 1310 582 1343; x_wconf 75' lang='lat' dir='ltr'>littem&#39;s</span> <span class='ocrx_word' id='word_1_241' title='bbox 609 1313 664 1343; x_wconf 83' lang='lat' dir='ltr'>etc.</span> <span class='ocrx_word' id='word_1_242' title='bbox 673 1311 695 1352; x_wconf 64' lang='grc' dir='ltr'>Β)</span> <span class='ocrx_word' id='word_1_243' title='bbox 748 1312 846 1344; x_wconf 89' lang='lat' dir='ltr'>Hune</span> <span class='ocrx_word' id='word_1_244' title='bbox 880 1313 980 1354; x_wconf 84' lang='lat' dir='ltr'>igitur</span> <span class='ocrx_word' id='word_1_245' title='bbox 1009 1312 1245 1345; x_wconf 87' lang='lat' dir='ltr'>Philistionem</span> <span class='ocrx_word' id='word_1_246' title='bbox 1269 1312 1447 1345; x_wconf 86' lang='lat' dir='ltr'>Choricius</span> <span class='ocrx_word' id='word_1_247' title='bbox 1470 1315 1642 1355; x_wconf 83' lang='lat' dir='ltr'>aequalem</span> <span class='ocrx_word' id='word_1_248' title='bbox 1666 1318 1697 1346; x_wconf 85' lang='lat' dir='ltr'>et</span> <span class='ocrx_word' id='word_1_249' title='bbox 1732 1316 1876 1349; x_wconf 84' lang='lat' dir='ltr'>amicum</span> 
     </span>
    </p>
   </div>
   <div class='ocr_carea' id='block_1_3' title="bbox 193 1386 402 1393">
    <p class='ocr_par' dir='ltr' id='par_1_6' title="bbox 193 1386 402 1393">
     <span class='ocr_line' id='line_1_23' title="bbox 193 1386 402 1393; baseline 0 0"><span class='ocrx_word' id='word_1_250' title='bbox 193 1386 402 1393; x_wconf 95' lang='lat' dir='ltr'> </span> 
     </span>
    </p>
   </div>
   <div class='ocr_carea' id='block_1_4' title="bbox 95 1428 1909 2338">
    <p class='ocr_par' dir='ltr' id='par_1_7' title="bbox 95 1428 1909 2238">
     <span class='ocr_line' id='line_1_24' title="bbox 250 1428 1876 1467; baseline 0.004 -12"><span class='ocrx_word' id='word_1_251' title='bbox 250 1428 271 1462; x_wconf 89' lang='lat'>¹)</span> <span class='ocrx_word' id='word_1_252' title='bbox 308 1429 404 1456; x_wconf 83' lang='lat' dir='ltr'>Verbis</span> <span class='ocrx_word' id='word_1_253' title='bbox 424 1431 451 1461; x_wconf 66' lang='grc' dir='ltr'>ἐξ</span> <span class='ocrx_word' id='word_1_254' title='bbox 471 1429 501 1455; x_wconf 77' lang='grc' dir='ltr'>οὔ</span> <span class='ocrx_word' id='word_1_255' title='bbox 522 1444 554 1449; x_wconf 80' lang='lat'>—</span> <span class='ocrx_word' id='word_1_256' title='bbox 574 1430 679 1463; x_wconf 79' lang='grc' dir='ltr'>πρῶτος</span> <span class='ocrx_word' id='word_1_257' title='bbox 697 1430 764 1464; x_wconf 86' lang='lat' dir='ltr'>quid</span> <span class='ocrx_word' id='word_1_258' title='bbox 783 1430 940 1465; x_wconf 74' lang='lat' dir='ltr'>significare</span> <span class='ocrx_word' id='word_1_259' title='bbox 959 1431 1077 1459; x_wconf 86' lang='lat' dir='ltr'>voluerit</span> <span class='ocrx_word' id='word_1_260' title='bbox 1095 1432 1246 1462; x_wconf 81' lang='lat' dir='ltr'>Choricius.</span> <span class='ocrx_word' id='word_1_261' title='bbox 1266 1440 1321 1458; x_wconf 90' lang='lat' dir='ltr'>non</span> <span class='ocrx_word' id='word_1_262' title='bbox 1339 1432 1434 1466; x_wconf 83' lang='lat' dir='ltr'>liquet.</span> <span class='ocrx_word' id='word_1_263' title='bbox 1471 1433 1556 1463; x_wconf 84' lang='lat' dir='ltr'>Duae.</span> <span class='ocrx_word' id='word_1_264' title='bbox 1575 1441 1645 1467; x_wconf 80' lang='lat' dir='ltr'>quas</span> <span class='ocrx_word' id='word_1_265' title='bbox 1658 1434 1773 1461; x_wconf 82' lang='lat' dir='ltr'>Carolus</span> <span class='ocrx_word' id='word_1_266' title='bbox 1785 1435 1876 1462; x_wconf 79' lang='lat' dir='ltr'>Graux</span> 
     </span>
     <span class='ocr_line' id='line_1_25' title="bbox 97 1469 1875 1512; baseline 0.004 -14"><span class='ocrx_word' id='word_1_267' title='bbox 97 1469 256 1504; x_wconf 76' lang='lat' dir='ltr'>(‘Oeuvres’</span> <span class='ocrx_word' id='word_1_268' title='bbox 286 1471 310 1498; x_wconf 91' lang='lat'>11</span> <span class='ocrx_word' id='word_1_269' title='bbox 334 1480 359 1507; x_wconf 88' lang='lat' dir='ltr'>p.</span> <span class='ocrx_word' id='word_1_270' title='bbox 378 1472 412 1499; x_wconf 82' lang='lat'>38</span> <span class='ocrx_word' id='word_1_271' title='bbox 430 1472 484 1507; x_wconf 85' lang='lat' dir='ltr'>sq.)</span> <span class='ocrx_word' id='word_1_272' title='bbox 507 1475 712 1504; x_wconf 75' lang='lat' dir='ltr'>commemorat,</span> <span class='ocrx_word' id='word_1_273' title='bbox 740 1474 939 1508; x_wconf 78' lang='lat' dir='ltr'>interpretandi</span> <span class='ocrx_word' id='word_1_274' title='bbox 964 1475 1025 1502; x_wconf 82' lang='lat' dir='ltr'>viae</span> <span class='ocrx_word' id='word_1_275' title='bbox 1053 1475 1088 1502; x_wconf 83' lang='lat' dir='ltr'>ad</span> <span class='ocrx_word' id='word_1_276' title='bbox 1113 1475 1175 1501; x_wconf 85' lang='lat' dir='ltr'>avia</span> <span class='ocrx_word' id='word_1_277' title='bbox 1198 1475 1309 1501; x_wconf 83' lang='lat' dir='ltr'>ducunt</span> <span class='ocrx_word' id='word_1_278' title='bbox 1345 1475 1510 1502; x_wconf 85' lang='lat' dir='ltr'>Theodorus</span> <span class='ocrx_word' id='word_1_279' title='bbox 1534 1476 1669 1510; x_wconf 85' lang='lat' dir='ltr'>Gomperz</span> <span class='ocrx_word' id='word_1_280' title='bbox 1692 1477 1767 1508; x_wconf 76' lang='lat' dir='ltr'>(ibid.</span> <span class='ocrx_word' id='word_1_281' title='bbox 1786 1486 1814 1512; x_wconf 85' lang='lat' dir='ltr'>p.</span> <span class='ocrx_word' id='word_1_282' title='bbox 1831 1479 1875 1511; x_wconf 87' lang='grc'>88)</span> 
     </span>
     <span class='ocr_line' id='line_1_26' title="bbox 95 1513 1875 1554; baseline 0.004 -13"><span class='ocrx_word' id='word_1_283' title='bbox 95 1513 216 1547; x_wconf 58' lang='lat' dir='ltr'>Secundi</span> <span class='ocrx_word' id='word_1_284' title='bbox 235 1514 350 1542; x_wconf 80' lang='lat' dir='ltr'>alicuius</span> <span class='ocrx_word' id='word_1_285' title='bbox 369 1523 470 1542; x_wconf 85' lang='lat' dir='ltr'>nomen</span> <span class='ocrx_word' id='word_1_286' title='bbox 489 1515 528 1542; x_wconf 83' lang='lat' dir='ltr'>eis</span> <span class='ocrx_word' id='word_1_287' title='bbox 548 1515 662 1549; x_wconf 71' lang='lat' dir='ltr'>exprimi</span> <span class='ocrx_word' id='word_1_288' title='bbox 680 1516 725 1543; x_wconf 84' lang='lat' dir='ltr'>vel</span> <span class='ocrx_word' id='word_1_289' title='bbox 742 1517 835 1550; x_wconf 87' lang='lat' dir='ltr'>potius</span> <span class='ocrx_word' id='word_1_290' title='bbox 853 1518 1011 1545; x_wconf 88' lang='lat' dir='ltr'>adumbrari</span> <span class='ocrx_word' id='word_1_291' title='bbox 1023 1518 1151 1544; x_wconf 85' lang='lat' dir='ltr'>sollerter</span> <span class='ocrx_word' id='word_1_292' title='bbox 1163 1518 1288 1549; x_wconf 77' lang='lat' dir='ltr'>coniecit.</span> <span class='ocrx_word' id='word_1_293' title='bbox 1309 1526 1359 1544; x_wconf 86' lang='lat' dir='ltr'>nec</span> <span class='ocrx_word' id='word_1_294' title='bbox 1378 1521 1479 1550; x_wconf 84' lang='lat' dir='ltr'>tamen,</span> <span class='ocrx_word' id='word_1_295' title='bbox 1498 1519 1560 1552; x_wconf 88' lang='lat' dir='ltr'>quis</span> <span class='ocrx_word' id='word_1_296' title='bbox 1573 1527 1677 1551; x_wconf 71' lang='lat' dir='ltr'>eorum.</span> <span class='ocrx_word' id='word_1_297' title='bbox 1696 1521 1744 1554; x_wconf 81' lang='lat' dir='ltr'>qui</span> <span class='ocrx_word' id='word_1_298' title='bbox 1756 1521 1875 1548; x_wconf 82' lang='lat' dir='ltr'>Secundi</span> 
     </span>
     <span class='ocr_line' id='line_1_27' title="bbox 98 1557 1909 1598; baseline 0.004 -15"><span class='ocrx_word' id='word_1_299' title='bbox 98 1563 199 1592; x_wconf 76' lang='lat' dir='ltr'>nomen</span> <span class='ocrx_word' id='word_1_300' title='bbox 217 1557 350 1588; x_wconf 85' lang='lat' dir='ltr'>ferebant,</span> <span class='ocrx_word' id='word_1_301' title='bbox 379 1557 581 1592; x_wconf 73' lang='lat' dir='ltr'>intellegendus</span> <span class='ocrx_word' id='word_1_302' title='bbox 600 1559 644 1590; x_wconf 86' lang='lat' dir='ltr'>sit</span> <span class='ocrx_word' id='word_1_303' title='bbox 663 1562 790 1593; x_wconf 82' lang='lat' dir='ltr'>apparet;</span> <span class='ocrx_word' id='word_1_304' title='bbox 818 1568 882 1587; x_wconf 83' lang='lat' dir='ltr'>nam</span> <span class='ocrx_word' id='word_1_305' title='bbox 901 1561 975 1595; x_wconf 91' lang='lat' dir='ltr'>quod</span> <span class='ocrx_word' id='word_1_306' title='bbox 1000 1561 1034 1587; x_wconf 89' lang='lat' dir='ltr'>de</span> <span class='ocrx_word' id='word_1_307' title='bbox 1059 1561 1187 1587; x_wconf 87' lang='lat' dir='ltr'>Secundo</span> <span class='ocrx_word' id='word_1_308' title='bbox 1210 1561 1370 1594; x_wconf 81' lang='lat' dir='ltr'>Tarentino,</span> <span class='ocrx_word' id='word_1_309' title='bbox 1398 1561 1476 1588; x_wconf 86' lang='lat' dir='ltr'>cuius</span> <span class='ocrx_word' id='word_1_310' title='bbox 1501 1562 1698 1596; x_wconf 77' lang='lat' dir='ltr'>epigrammata</span> <span class='ocrx_word' id='word_1_311' title='bbox 1723 1563 1829 1598; x_wconf 76' lang='lat' dir='ltr'>aliquot</span> <span class='ocrx_word' id='word_1_312' title='bbox 1848 1564 1875 1590; x_wconf 90' lang='lat' dir='ltr'>in</span> <span class='ocrx_word' id='word_1_313' title='bbox 1906 1571 1909 1573; x_wconf 67' lang='grc'><strong><em>’</em></strong></span> 
     </span>
     <span class='ocr_line' id='line_1_28' title="bbox 95 1597 1875 1637; baseline 0.004 -11"><span class='ocrx_word' id='word_1_314' title='bbox 95 1597 263 1635; x_wconf 69' lang='lat' dir='ltr'>Antholossia</span> <span class='ocrx_word' id='word_1_315' title='bbox 282 1600 386 1627; x_wconf 85' lang='lat' dir='ltr'>Graeca</span> <span class='ocrx_word' id='word_1_316' title='bbox 403 1601 541 1635; x_wconf 74' lang='lat' dir='ltr'>leguntur</span> <span class='ocrx_word' id='word_1_317' title='bbox 560 1601 698 1635; x_wconf 74' lang='lat' dir='ltr'>cogitavit</span> <span class='ocrx_word' id='word_1_318' title='bbox 717 1610 752 1628; x_wconf 86' lang='lat' dir='ltr'>ne</span> <span class='ocrx_word' id='word_1_319' title='bbox 770 1602 829 1637; x_wconf 87' lang='lat' dir='ltr'>ipse</span> <span class='ocrx_word' id='word_1_320' title='bbox 849 1603 960 1637; x_wconf 84' lang='lat' dir='ltr'>quidem</span> <span class='ocrx_word' id='word_1_321' title='bbox 979 1603 1114 1637; x_wconf 89' lang='lat' dir='ltr'>Gomperz</span> <span class='ocrx_word' id='word_1_322' title='bbox 1133 1603 1249 1631; x_wconf 84' lang='lat' dir='ltr'>multum</span> <span class='ocrx_word' id='word_1_323' title='bbox 1267 1603 1330 1630; x_wconf 85' lang='lat' dir='ltr'>huic</span> <span class='ocrx_word' id='word_1_324' title='bbox 1350 1604 1524 1630; x_wconf 82' lang='lat' dir='ltr'>coniecturae</span> <span class='ocrx_word' id='word_1_325' title='bbox 1542 1604 1643 1631; x_wconf 83' lang='lat' dir='ltr'>tribuit.</span> <span class='ocrx_word' id='word_1_326' title='bbox 1674 1621 1707 1625; x_wconf 81' lang='lat'>—</span> <span class='ocrx_word' id='word_1_327' title='bbox 1735 1606 1790 1633; x_wconf 78' lang='lat' dir='ltr'>Nec</span> <span class='ocrx_word' id='word_1_328' title='bbox 1809 1614 1875 1633; x_wconf 86' lang='lat' dir='ltr'>vero</span> 
     </span>
     <span class='ocr_line' id='line_1_29' title="bbox 97 1642 1873 1682; baseline 0.003 -13"><span class='ocrx_word' id='word_1_329' title='bbox 97 1642 280 1675; x_wconf 73' lang='lat' dir='ltr'>confidentius</span> <span class='ocrx_word' id='word_1_330' title='bbox 299 1643 334 1670; x_wconf 90' lang='lat' dir='ltr'>de</span> <span class='ocrx_word' id='word_1_331' title='bbox 353 1644 482 1671; x_wconf 90' lang='lat' dir='ltr'>Secundo</span> <span class='ocrx_word' id='word_1_332' title='bbox 500 1644 667 1679; x_wconf 86' lang='lat' dir='ltr'>philosopho</span> <span class='ocrx_word' id='word_1_333' title='bbox 681 1645 861 1673; x_wconf 83' lang='lat' dir='ltr'>celeberrimo</span> <span class='ocrx_word' id='word_1_334' title='bbox 880 1648 965 1681; x_wconf 87' lang='lat' dir='ltr'>atque</span> <span class='ocrx_word' id='word_1_335' title='bbox 982 1647 1010 1673; x_wconf 89' lang='lat' dir='ltr'>in</span> <span class='ocrx_word' id='word_1_336' title='bbox 1024 1647 1102 1681; x_wconf 83' lang='lat' dir='ltr'>Syria</span> <span class='ocrx_word' id='word_1_337' title='bbox 1114 1646 1232 1681; x_wconf 87' lang='lat' dir='ltr'>aliisque</span> <span class='ocrx_word' id='word_1_338' title='bbox 1245 1647 1360 1673; x_wconf 83' lang='lat' dir='ltr'>orientis</span> <span class='ocrx_word' id='word_1_339' title='bbox 1372 1647 1531 1680; x_wconf 74' lang='lat' dir='ltr'>regionibus</span> <span class='ocrx_word' id='word_1_340' title='bbox 1545 1650 1657 1682; x_wconf 84' lang='lat' dir='ltr'>propter</span> <span class='ocrx_word' id='word_1_341' title='bbox 1675 1650 1873 1676; x_wconf 78' lang='lat' dir='ltr'>sententiarum</span> 
     </span>
     <span class='ocr_line' id='line_1_30' title="bbox 96 1687 1874 1725; baseline 0.003 -13"><span class='ocrx_word' id='word_1_342' title='bbox 96 1689 362 1721; x_wconf 79' lang='lat' dir='ltr'>praeceptorumque</span> <span class='ocrx_word' id='word_1_343' title='bbox 380 1687 576 1721; x_wconf 79' lang='lat' dir='ltr'>praestantiam</span> <span class='ocrx_word' id='word_1_344' title='bbox 589 1688 717 1715; x_wconf 84' lang='lat' dir='ltr'>laudibus</span> <span class='ocrx_word' id='word_1_345' title='bbox 731 1689 869 1716; x_wconf 82' lang='lat' dir='ltr'>cumulato</span> <span class='ocrx_word' id='word_1_346' title='bbox 884 1690 1060 1723; x_wconf 76' lang='lat' dir='ltr'>cogitaveris;</span> <span class='ocrx_word' id='word_1_347' title='bbox 1082 1698 1250 1724; x_wconf 86' lang='lat' dir='ltr'>quamquam</span> <span class='ocrx_word' id='word_1_348' title='bbox 1263 1690 1418 1716; x_wconf 83' lang='lat' dir='ltr'>hariolandi</span> <span class='ocrx_word' id='word_1_349' title='bbox 1431 1690 1582 1724; x_wconf 89' lang='lat' dir='ltr'>periculum</span> <span class='ocrx_word' id='word_1_350' title='bbox 1596 1692 1642 1725; x_wconf 87' lang='lat' dir='ltr'>qui</span> <span class='ocrx_word' id='word_1_351' title='bbox 1657 1692 1747 1718; x_wconf 75' lang='lat' dir='ltr'>facere</span> <span class='ocrx_word' id='word_1_352' title='bbox 1765 1693 1874 1723; x_wconf 70' lang='lat' dir='ltr'>audeat,</span> 
     </span>
     <span class='ocr_line' id='line_1_31' title="bbox 98 1728 1873 1767; baseline 0.004 -12"><span class='ocrx_word' id='word_1_353' title='bbox 98 1728 202 1762; x_wconf 75' lang='lat' dir='ltr'>fingere</span> <span class='ocrx_word' id='word_1_354' title='bbox 219 1730 307 1763; x_wconf 84' lang='lat' dir='ltr'>possit</span> <span class='ocrx_word' id='word_1_355' title='bbox 325 1730 514 1756; x_wconf 86' lang='lat' dir='ltr'>circumlatum</span> <span class='ocrx_word' id='word_1_356' title='bbox 533 1739 594 1757; x_wconf 86' lang='lat' dir='ltr'>esse</span> <span class='ocrx_word' id='word_1_357' title='bbox 613 1731 724 1758; x_wconf 83' lang='lat' dir='ltr'>saeculo</span> <span class='ocrx_word' id='word_1_358' title='bbox 743 1734 821 1758; x_wconf 88' lang='lat' dir='ltr'>sexto</span> <span class='ocrx_word' id='word_1_359' title='bbox 840 1732 868 1758; x_wconf 89' lang='lat' dir='ltr'>in</span> <span class='ocrx_word' id='word_1_360' title='bbox 886 1733 1044 1759; x_wconf 80' lang='lat' dir='ltr'>Palaestina</span> <span class='ocrx_word' id='word_1_361' title='bbox 1063 1733 1230 1761; x_wconf 84' lang='lat' dir='ltr'>etChoricio</span> <span class='ocrx_word' id='word_1_362' title='bbox 1244 1741 1332 1766; x_wconf 84' lang='lat' dir='ltr'>aeque</span> <span class='ocrx_word' id='word_1_363' title='bbox 1351 1735 1435 1767; x_wconf 81' lang='lat' dir='ltr'>atque</span> <span class='ocrx_word' id='word_1_364' title='bbox 1449 1734 1568 1760; x_wconf 85' lang='lat' dir='ltr'>Choricii</span> <span class='ocrx_word' id='word_1_365' title='bbox 1587 1735 1759 1761; x_wconf 80' lang='lat' dir='ltr'>auditoribus</span> <span class='ocrx_word' id='word_1_366' title='bbox 1778 1738 1873 1762; x_wconf 85' lang='lat' dir='ltr'>notum</span> 
     </span>
     <span class='ocr_line' id='line_1_32' title="bbox 98 1771 1873 1808; baseline 0.004 -10"><span class='ocrx_word' id='word_1_367' title='bbox 98 1771 183 1798; x_wconf 74' lang='lat' dir='ltr'>fuisse</span> <span class='ocrx_word' id='word_1_368' title='bbox 200 1771 300 1799; x_wconf 87' lang='lat' dir='ltr'>librum</span> <span class='ocrx_word' id='word_1_369' title='bbox 319 1773 486 1807; x_wconf 87' lang='lat' dir='ltr'>philosopho</span> <span class='ocrx_word' id='word_1_370' title='bbox 505 1773 544 1799; x_wconf 87' lang='lat' dir='ltr'>illi</span> <span class='ocrx_word' id='word_1_371' title='bbox 564 1774 732 1806; x_wconf 82' lang='lat' dir='ltr'>attributum,</span> <span class='ocrx_word' id='word_1_372' title='bbox 752 1775 780 1801; x_wconf 92' lang='lat' dir='ltr'>in</span> <span class='ocrx_word' id='word_1_373' title='bbox 799 1783 854 1808; x_wconf 90' lang='lat' dir='ltr'>quo</span> <span class='ocrx_word' id='word_1_374' title='bbox 874 1775 896 1801; x_wconf 88' lang='lat' dir='ltr'>is</span> <span class='ocrx_word' id='word_1_375' title='bbox 915 1785 932 1802; x_wconf 85' lang='lat' dir='ltr'>a</span> <span class='ocrx_word' id='word_1_376' title='bbox 950 1776 1113 1802; x_wconf 87' lang='lat' dir='ltr'>Philistione</span> <span class='ocrx_word' id='word_1_377' title='bbox 1133 1776 1261 1802; x_wconf 88' lang='lat' dir='ltr'>didicisse</span> <span class='ocrx_word' id='word_1_378' title='bbox 1280 1784 1310 1802; x_wconf 90' lang='lat' dir='ltr'>se</span> <span class='ocrx_word' id='word_1_379' title='bbox 1330 1776 1405 1802; x_wconf 89' lang='lat' dir='ltr'>illam</span> <span class='ocrx_word' id='word_1_380' title='bbox 1424 1777 1459 1802; x_wconf 86' lang='lat' dir='ltr'>de</span> <span class='ocrx_word' id='word_1_381' title='bbox 1477 1777 1622 1803; x_wconf 88' lang='lat' dir='ltr'>mulierum</span> <span class='ocrx_word' id='word_1_382' title='bbox 1642 1778 1745 1804; x_wconf 76' lang='lat' dir='ltr'>malitia</span> <span class='ocrx_word' id='word_1_383' title='bbox 1764 1781 1873 1805; x_wconf 86' lang='lat' dir='ltr'>senten-</span> 
     </span>
     <span class='ocr_line' id='line_1_33' title="bbox 97 1815 1873 1852; baseline 0.003 -11"><span class='ocrx_word' id='word_1_384' title='bbox 97 1815 165 1842; x_wconf 78' lang='lat' dir='ltr'>tiam</span> <span class='ocrx_word' id='word_1_385' title='bbox 182 1815 331 1849; x_wconf 77' lang='lat' dir='ltr'>scripserit.</span> <span class='ocrx_word' id='word_1_386' title='bbox 350 1815 428 1843; x_wconf 87' lang='lat' dir='ltr'>cuius</span> <span class='ocrx_word' id='word_1_387' title='bbox 446 1816 637 1843; x_wconf 76' lang='lat' dir='ltr'>recensionem</span> <span class='ocrx_word' id='word_1_388' title='bbox 655 1817 788 1844; x_wconf 73' lang='lat' dir='ltr'>Graecam</span> <span class='ocrx_word' id='word_1_389' title='bbox 806 1818 893 1845; x_wconf 84' lang='lat' dir='ltr'>habes</span> <span class='ocrx_word' id='word_1_390' title='bbox 911 1819 940 1845; x_wconf 89' lang='lat' dir='ltr'>in</span> <span class='ocrx_word' id='word_1_391' title='bbox 954 1817 1169 1852; x_wconf 84' lang='lat' dir='ltr'>‘Opusculorum</span> <span class='ocrx_word' id='word_1_392' title='bbox 1188 1839 1193 1845; x_wconf 96' lang='lat'>.</span> <span class='ocrx_word' id='word_1_393' title='bbox 1208 1838 1214 1845; x_wconf 94' lang='lat'>.</span> <span class='ocrx_word' id='word_1_394' title='bbox 1229 1839 1234 1845; x_wconf 96' lang='lat'>.</span> <span class='ocrx_word' id='word_1_395' title='bbox 1254 1819 1486 1846; x_wconf 82' lang='lat' dir='ltr'>sententiosomm</span> <span class='ocrx_word' id='word_1_396' title='bbox 1505 1822 1534 1846; x_wconf 83' lang='lat' dir='ltr'>et</span> <span class='ocrx_word' id='word_1_397' title='bbox 1546 1819 1700 1847; x_wconf 66' lang='lat' dir='ltr'>moralium·</span> <span class='ocrx_word' id='word_1_398' title='bbox 1721 1820 1756 1847; x_wconf 75' lang='lat' dir='ltr'>ab</span> <span class='ocrx_word' id='word_1_399' title='bbox 1769 1820 1873 1848; x_wconf 84' lang='lat' dir='ltr'>Orellio</span> 
     </span>
     <span class='ocr_line' id='line_1_34' title="bbox 97 1857 1874 1896; baseline 0.004 -12"><span class='ocrx_word' id='word_1_400' title='bbox 97 1857 234 1885; x_wconf 85' lang='lat' dir='ltr'>editorum</span> <span class='ocrx_word' id='word_1_401' title='bbox 251 1858 327 1885; x_wconf 85' lang='lat' dir='ltr'>v01.1</span> <span class='ocrx_word' id='word_1_402' title='bbox 345 1867 371 1893; x_wconf 90' lang='lat' dir='ltr'>p.</span> <span class='ocrx_word' id='word_1_403' title='bbox 390 1859 449 1891; x_wconf 71' lang='lat'>208,</span> <span class='ocrx_word' id='word_1_404' title='bbox 470 1859 503 1886; x_wconf 91' lang='lat'>10</span> <span class='ocrx_word' id='word_1_405' title='bbox 514 1867 564 1893; x_wconf 63' lang='lat' dir='ltr'>sq„</span> <span class='ocrx_word' id='word_1_406' title='bbox 583 1859 731 1887; x_wconf 83' lang='lat' dir='ltr'>Arabicam</span> <span class='ocrx_word' id='word_1_407' title='bbox 748 1861 776 1888; x_wconf 88' lang='lat' dir='ltr'>in</span> <span class='ocrx_word' id='word_1_408' title='bbox 788 1861 818 1888; x_wconf 86' lang='grc' dir='ltr'>Ε.</span> <span class='ocrx_word' id='word_1_409' title='bbox 838 1862 996 1889; x_wconf 79' lang='lat' dir='ltr'>Revilloutii</span> <span class='ocrx_word' id='word_1_410' title='bbox 1014 1861 1107 1888; x_wconf 84' lang='lat' dir='ltr'>libello</span> <span class='ocrx_word' id='word_1_411' title='bbox 1123 1861 1184 1888; x_wconf 85' lang='lat' dir='ltr'>&#39;Vie</span> <span class='ocrx_word' id='word_1_412' title='bbox 1203 1864 1230 1888; x_wconf 84' lang='lat' dir='ltr'>et</span> <span class='ocrx_word' id='word_1_413' title='bbox 1242 1864 1388 1889; x_wconf 80' lang='lat' dir='ltr'>sentences</span> <span class='ocrx_word' id='word_1_414' title='bbox 1407 1862 1442 1888; x_wconf 88' lang='lat' dir='ltr'>de</span> <span class='ocrx_word' id='word_1_415' title='bbox 1455 1860 1608 1889; x_wconf 80' lang='lat' dir='ltr'>Secundus&#39;</span> <span class='ocrx_word' id='word_1_416' title='bbox 1629 1863 1752 1896; x_wconf 83' lang='lat' dir='ltr'>(Parisiis</span> <span class='ocrx_word' id='word_1_417' title='bbox 1770 1864 1874 1891; x_wconf 49' lang='lat'>&amp;1873</span> 
     </span>
     <span class='ocr_line' id='line_1_35' title="bbox 95 1899 1872 1940; baseline 0.005 -14"><span class='ocrx_word' id='word_1_418' title='bbox 95 1908 120 1934; x_wconf 90' lang='lat' dir='ltr'>p.</span> <span class='ocrx_word' id='word_1_419' title='bbox 142 1900 173 1926; x_wconf 84' lang='lat'>19</span> <span class='ocrx_word' id='word_1_420' title='bbox 192 1899 263 1935; x_wconf 61' lang='lat' dir='ltr'>int).</span> <span class='ocrx_word' id='word_1_421' title='bbox 299 1900 335 1927; x_wconf 88' lang='lat' dir='ltr'>At</span> <span class='ocrx_word' id='word_1_422' title='bbox 353 1909 520 1936; x_wconf 85' lang='lat' dir='ltr'>quamquam</span> <span class='ocrx_word' id='word_1_423' title='bbox 540 1902 677 1929; x_wconf 86' lang='lat' dir='ltr'>sententia</span> <span class='ocrx_word' id='word_1_424' title='bbox 695 1903 742 1930; x_wconf 89' lang='lat' dir='ltr'>illa</span> <span class='ocrx_word' id='word_1_425' title='bbox 761 1904 795 1930; x_wconf 84' lang='lat' dir='ltr'>de</span> <span class='ocrx_word' id='word_1_426' title='bbox 814 1904 959 1931; x_wconf 85' lang='lat' dir='ltr'>mulierum</span> <span class='ocrx_word' id='word_1_427' title='bbox 978 1905 1082 1932; x_wconf 77' lang='lat' dir='ltr'>malitia</span> <span class='ocrx_word' id='word_1_428' title='bbox 1102 1905 1230 1931; x_wconf 87' lang='lat' dir='ltr'>Secundo</span> <span class='ocrx_word' id='word_1_429' title='bbox 1250 1904 1417 1938; x_wconf 88' lang='lat' dir='ltr'>philosopho</span> <span class='ocrx_word' id='word_1_430' title='bbox 1436 1913 1520 1932; x_wconf 85' lang='lat' dir='ltr'>causa</span> <span class='ocrx_word' id='word_1_431' title='bbox 1539 1906 1623 1932; x_wconf 78' lang='lat' dir='ltr'>fuisse</span> <span class='ocrx_word' id='word_1_432' title='bbox 1643 1906 1729 1933; x_wconf 82' lang='lat' dir='ltr'>fertur</span> <span class='ocrx_word' id='word_1_433' title='bbox 1747 1908 1872 1940; x_wconf 79' lang='lat' dir='ltr'>gravissi-</span> 
     </span>
     <span class='ocr_line' id='line_1_36' title="bbox 97 1943 1874 1978; baseline 0.004 -8"><span class='ocrx_word' id='word_1_434' title='bbox 97 1950 204 1970; x_wconf 80' lang='lat' dir='ltr'>morum</span> <span class='ocrx_word' id='word_1_435' title='bbox 222 1943 357 1971; x_wconf 85' lang='lat' dir='ltr'>malorum</span> <span class='ocrx_word' id='word_1_436' title='bbox 377 1953 408 1971; x_wconf 87' lang='lat' dir='ltr'>ac</span> <span class='ocrx_word' id='word_1_437' title='bbox 427 1945 567 1972; x_wconf 81' lang='lat' dir='ltr'>fortunam</span> <span class='ocrx_word' id='word_1_438' title='bbox 586 1945 645 1972; x_wconf 86' lang='lat' dir='ltr'>eius</span> <span class='ocrx_word' id='word_1_439' title='bbox 670 1946 794 1973; x_wconf 75' lang='lat' dir='ltr'>funditus</span> <span class='ocrx_word' id='word_1_440' title='bbox 818 1950 1010 1978; x_wconf 80' lang='lat' dir='ltr'>conunutasse.</span> <span class='ocrx_word' id='word_1_441' title='bbox 1038 1950 1130 1974; x_wconf 87' lang='lat' dir='ltr'>tamen</span> <span class='ocrx_word' id='word_1_442' title='bbox 1154 1947 1288 1974; x_wconf 86' lang='lat' dir='ltr'>eiusmodi</span> <span class='ocrx_word' id='word_1_443' title='bbox 1315 1947 1491 1974; x_wconf 82' lang='lat' dir='ltr'>hariolationi</span> <span class='ocrx_word' id='word_1_444' title='bbox 1520 1956 1574 1974; x_wconf 92' lang='lat' dir='ltr'>uon</span> <span class='ocrx_word' id='word_1_445' title='bbox 1598 1948 1769 1976; x_wconf 81' lang='lat' dir='ltr'>velificantur</span> <span class='ocrx_word' id='word_1_446' title='bbox 1790 1950 1874 1977; x_wconf 72' lang='lat' dir='ltr'>verbu</span> 
     </span>
     <span class='ocr_line' id='line_1_37' title="bbox 98 1985 1873 2027; baseline 0.003 -14"><span class='ocrx_word' id='word_1_447' title='bbox 98 1985 152 2018; x_wconf 81' lang='lat' dir='ltr'>illa.</span> <span class='ocrx_word' id='word_1_448' title='bbox 180 1986 280 2021; x_wconf 83' lang='lat' dir='ltr'>quibus</span> <span class='ocrx_word' id='word_1_449' title='bbox 303 1987 446 2014; x_wconf 89' lang='lat' dir='ltr'>Choricius</span> <span class='ocrx_word' id='word_1_450' title='bbox 470 1988 563 2019; x_wconf 83' lang='lat' dir='ltr'>utitur.</span> <span class='ocrx_word' id='word_1_451' title='bbox 594 1990 622 2019; x_wconf 68' lang='grc' dir='ltr'>ἐξ</span> <span class='ocrx_word' id='word_1_452' title='bbox 647 1987 677 2014; x_wconf 75' lang='grc' dir='ltr'>οὔ</span> <span class='ocrx_word' id='word_1_453' title='bbox 697 1989 782 2015; x_wconf 74' lang='grc' dir='ltr'>πάντα</span> <span class='ocrx_word' id='word_1_454' title='bbox 806 1992 883 2023; x_wconf 76' lang='grc' dir='ltr'>φησιν</span> <span class='ocrx_word' id='word_1_455' title='bbox 901 1987 1081 2024; x_wconf 71' lang='grc' dir='ltr'>ἀπαγγέλλειν</span> <span class='ocrx_word' id='word_1_456' title='bbox 1099 1991 1157 2016; x_wconf 77' lang='grc' dir='ltr'>κτλ.</span> <span class='ocrx_word' id='word_1_457' title='bbox 1186 2005 1218 2010; x_wconf 79' lang='lat'><em>-</em></span> <span class='ocrx_word' id='word_1_458' title='bbox 1246 1990 1419 2017; x_wconf 83' lang='lat' dir='ltr'>Probabilius</span> <span class='ocrx_word' id='word_1_459' title='bbox 1439 1991 1558 2017; x_wconf 78' lang='lat' dir='ltr'>conicias</span> <span class='ocrx_word' id='word_1_460' title='bbox 1578 1991 1735 2018; x_wconf 86' lang='lat' dir='ltr'>Secundum</span> <span class='ocrx_word' id='word_1_461' title='bbox 1753 1993 1873 2027; x_wconf 72' lang='lat' dir='ltr'>aliquem</span> 
     </span>
     <span class='ocr_line' id='line_1_38' title="bbox 95 2029 1872 2067; baseline 0.003 -11"><span class='ocrx_word' id='word_1_462' title='bbox 95 2029 245 2064; x_wconf 59' lang='lat' dir='ltr'>signiflmi</span> <span class='ocrx_word' id='word_1_463' title='bbox 262 2032 294 2057; x_wconf 88' lang='grc' dir='ltr'>ιιι</span> <span class='ocrx_word' id='word_1_464' title='bbox 311 2030 437 2058; x_wconf 87' lang='lat' dir='ltr'>omnibus</span> <span class='ocrx_word' id='word_1_465' title='bbox 456 2031 572 2058; x_wconf 85' lang='lat' dir='ltr'>Gazaeis</span> <span class='ocrx_word' id='word_1_466' title='bbox 590 2033 686 2058; x_wconf 84' lang='lat' dir='ltr'>notum</span> <span class='ocrx_word' id='word_1_467' title='bbox 705 2031 743 2058; x_wconf 83' lang='lat' dir='ltr'>ita</span> <span class='ocrx_word' id='word_1_468' title='bbox 762 2032 842 2059; x_wconf 83' lang='lat' dir='ltr'>nobis</span> <span class='ocrx_word' id='word_1_469' title='bbox 860 2033 992 2066; x_wconf 77' lang='lat' dir='ltr'>ignotum.</span> <span class='ocrx_word' id='word_1_470' title='bbox 1013 2033 1060 2067; x_wconf 82' lang='lat' dir='ltr'>qui</span> <span class='ocrx_word' id='word_1_471' title='bbox 1079 2033 1107 2060; x_wconf 89' lang='lat' dir='ltr'>in</span> <span class='ocrx_word' id='word_1_472' title='bbox 1126 2033 1216 2060; x_wconf 92' lang='lat' dir='ltr'>mimis</span> <span class='ocrx_word' id='word_1_473' title='bbox 1235 2033 1350 2067; x_wconf 76' lang='lat' dir='ltr'>agendis</span> <span class='ocrx_word' id='word_1_474' title='bbox 1374 2034 1502 2067; x_wconf 83' lang='lat' dir='ltr'>primas</span> <span class='ocrx_word' id='word_1_475' title='bbox 1526 2034 1648 2061; x_wconf 79' lang='lat' dir='ltr'>tulerit</span> <span class='ocrx_word' id='word_1_476' title='bbox 1671 2037 1699 2061; x_wconf 81' lang='lat' dir='ltr'>et</span> <span class='ocrx_word' id='word_1_477' title='bbox 1717 2035 1872 2063; x_wconf 79' lang='lat' dir='ltr'>Philistioni</span> 
     </span>
     <span class='ocr_line' id='line_1_39' title="bbox 96 2072 1873 2110; baseline 0.002 -10"><span class='ocrx_word' id='word_1_478' title='bbox 96 2072 286 2108; x_wconf 68' lang='lat' dir='ltr'>mimographo</span> <span class='ocrx_word' id='word_1_479' title='bbox 300 2074 393 2101; x_wconf 79' lang='lat' dir='ltr'>omnia</span> <span class='ocrx_word' id='word_1_480' title='bbox 404 2083 434 2101; x_wconf 87' lang='lat' dir='ltr'>se</span> <span class='ocrx_word' id='word_1_481' title='bbox 447 2074 550 2102; x_wconf 87' lang='lat' dir='ltr'>debere</span> <span class='ocrx_word' id='word_1_482' title='bbox 562 2074 673 2105; x_wconf 84' lang='lat' dir='ltr'>dixerit;</span> <span class='ocrx_word' id='word_1_483' title='bbox 686 2074 754 2101; x_wconf 91' lang='lat' dir='ltr'>illud</span> <span class='ocrx_word' id='word_1_484' title='bbox 767 2076 841 2102; x_wconf 86' lang='lat' dir='ltr'>enim</span> <span class='ocrx_word' id='word_1_485' title='bbox 853 2074 924 2109; x_wconf 70' lang='lat' dir='ltr'>(qui</span> <span class='ocrx_word' id='word_1_486' title='bbox 937 2076 1040 2110; x_wconf 86' lang='lat' dir='ltr'>primas</span> <span class='ocrx_word' id='word_1_487' title='bbox 1052 2074 1135 2109; x_wconf 82' lang='lat' dir='ltr'>tulit&#39;)</span> <span class='ocrx_word' id='word_1_488' title='bbox 1154 2076 1303 2110; x_wconf 77' lang='lat' dir='ltr'>significari</span> <span class='ocrx_word' id='word_1_489' title='bbox 1315 2085 1398 2110; x_wconf 84' lang='lat' dir='ltr'>posse</span> <span class='ocrx_word' id='word_1_490' title='bbox 1411 2076 1502 2103; x_wconf 83' lang='lat' dir='ltr'>verbis</span> <span class='ocrx_word' id='word_1_491' title='bbox 1520 2077 1567 2109; x_wconf 70' lang='grc' dir='ltr'>τὴν</span> <span class='ocrx_word' id='word_1_492' title='bbox 1579 2077 1652 2108; x_wconf 77' lang='grc' dir='ltr'>τάξιν</span> <span class='ocrx_word' id='word_1_493' title='bbox 1669 2079 1773 2110; x_wconf 61' lang='grc' dir='ltr'>πρῶνας</span> <span class='ocrx_word' id='word_1_494' title='bbox 1791 2078 1873 2106; x_wconf 70' lang='lat' dir='ltr'>docet</span> 
     </span>
     <span class='ocr_line' id='line_1_40' title="bbox 97 2116 1871 2156; baseline 0.003 -13"><span class='ocrx_word' id='word_1_495' title='bbox 97 2124 122 2143; x_wconf 82' lang='grc' dir='ltr'>ε.</span> <span class='ocrx_word' id='word_1_496' title='bbox 139 2123 165 2149; x_wconf 72' lang='lat'>8.</span> <span class='ocrx_word' id='word_1_497' title='bbox 184 2116 353 2150; x_wconf 71' lang='lat' dir='ltr'>epigramma</span> <span class='ocrx_word' id='word_1_498' title='bbox 370 2116 438 2144; x_wconf 89' lang='lat' dir='ltr'>illud</span> <span class='ocrx_word' id='word_1_499' title='bbox 457 2117 578 2144; x_wconf 86' lang='lat' dir='ltr'>Atticum</span> <span class='ocrx_word' id='word_1_500' title='bbox 595 2117 707 2144; x_wconf 85' lang='lat' dir='ltr'>saeculo</span> <span class='ocrx_word' id='word_1_501' title='bbox 720 2117 755 2144; x_wconf 95' lang='lat' dir='ltr'>1v</span> <span class='ocrx_word' id='word_1_502' title='bbox 775 2126 798 2144; x_wconf 83' lang='lat' dir='ltr'>a.</span> <span class='ocrx_word' id='word_1_503' title='bbox 818 2118 880 2144; x_wconf 86' lang='lat' dir='ltr'>Chr.</span> <span class='ocrx_word' id='word_1_504' title='bbox 894 2126 919 2144; x_wconf 86' lang='lat' dir='ltr'>n.</span> <span class='ocrx_word' id='word_1_505' title='bbox 939 2118 967 2145; x_wconf 89' lang='lat' dir='ltr'>in</span> <span class='ocrx_word' id='word_1_506' title='bbox 979 2119 1096 2146; x_wconf 82' lang='lat' dir='ltr'>Euthiae</span> <span class='ocrx_word' id='word_1_507' title='bbox 1115 2119 1249 2146; x_wconf 86' lang='lat' dir='ltr'>honorem</span> <span class='ocrx_word' id='word_1_508' title='bbox 1262 2119 1403 2146; x_wconf 83' lang='lat' dir='ltr'>conditum</span> <span class='ocrx_word' id='word_1_509' title='bbox 1421 2120 1474 2152; x_wconf 89' lang='lat' dir='ltr'>(ed.</span> <span class='ocrx_word' id='word_1_510' title='bbox 1492 2119 1588 2146; x_wconf 82' lang='lat' dir='ltr'>Kaibel</span> <span class='ocrx_word' id='word_1_511' title='bbox 1600 2120 1691 2154; x_wconf 64' lang='lat' dir='ltr'>Epiffr.</span> <span class='ocrx_word' id='word_1_512' title='bbox 1710 2121 1871 2156; x_wconf 54' lang='lat' dir='ltr'>Graecam:</span> 
     </span>
     <span class='ocr_line' id='line_1_41' title="bbox 98 2157 1872 2199; baseline 0.003 -14"><span class='ocrx_word' id='word_1_513' title='bbox 98 2159 182 2193; x_wconf 76' lang='grc' dir='ltr'>Ζηλοτ</span> <span class='ocrx_word' id='word_1_514' title='bbox 197 2157 223 2185; x_wconf 87' lang='grc' dir='ltr'>σ’</span> <span class='ocrx_word' id='word_1_515' title='bbox 240 2157 341 2191; x_wconf 73' lang='grc' dir='ltr'>Ἕλλας</span> <span class='ocrx_word' id='word_1_516' title='bbox 358 2161 433 2186; x_wconf 79' lang='grc' dir='ltr'>παῖσα</span> <span class='ocrx_word' id='word_1_517' title='bbox 457 2162 537 2186; x_wconf 68' lang='grc' dir='ltr'>ποθεῖ</span> <span class='ocrx_word' id='word_1_518' title='bbox 553 2158 581 2186; x_wconf 66' lang='grc' dir='ltr'>θ’</span> <span class='ocrx_word' id='word_1_519' title='bbox 603 2162 684 2193; x_wconf 75' lang='grc' dir='ltr'>ἱεροῖς</span> <span class='ocrx_word' id='word_1_520' title='bbox 707 2162 735 2186; x_wconf 70' lang='grc' dir='ltr'>ἂν</span> <span class='ocrx_word' id='word_1_521' title='bbox 758 2158 865 2194; x_wconf 81' lang='grc' dir='ltr'>ἀγῶσιν,</span> <span class='ocrx_word' id='word_1_522' title='bbox 891 2161 895 2195; x_wconf 78' lang='lat'>1</span> <span class='ocrx_word' id='word_1_523' title='bbox 921 2159 1015 2193; x_wconf 65' lang='lat' dir='ltr'>mota.</span> <span class='ocrx_word' id='word_1_524' title='bbox 1040 2159 1091 2188; x_wconf 74' lang='grc' dir='ltr'>οὐκ</span> <span class='ocrx_word' id='word_1_525' title='bbox 1114 2160 1227 2194; x_wconf 75' lang='grc' dir='ltr'>ἀδίκως·</span> <span class='ocrx_word' id='word_1_526' title='bbox 1250 2161 1282 2194; x_wconf 82' lang='grc' dir='ltr'>ὃς</span> <span class='ocrx_word' id='word_1_527' title='bbox 1299 2165 1387 2196; x_wconf 66' lang='grc' dir='ltr'>τέχνη,</span> <span class='ocrx_word' id='word_1_528' title='bbox 1411 2160 1470 2195; x_wconf 75' lang='grc' dir='ltr'>οὐχι</span> <span class='ocrx_word' id='word_1_529' title='bbox 1491 2162 1567 2195; x_wconf 74' lang='grc' dir='ltr'>φύσει</span> <span class='ocrx_word' id='word_1_530' title='bbox 1592 2173 1596 2194; x_wconf 73' lang='lat'>5</span> <span class='ocrx_word' id='word_1_531' title='bbox 1621 2164 1872 2199; x_wconf 58' lang='grc' dir='ltr'>ὒμβοτρυοσωφιίνψ</span> 
     </span>
     <span class='ocr_line' id='line_1_42' title="bbox 95 2201 1070 2238; baseline 0.003 -10"><span class='ocrx_word' id='word_1_532' title='bbox 95 2203 222 2235; x_wconf 74' lang='grc' dir='ltr'>κωμῳδίᾳ</span> <span class='ocrx_word' id='word_1_533' title='bbox 239 2201 388 2235; x_wconf 70' lang='grc' dir='ltr'>ἡδυγέλωτι</span> <span class='ocrx_word' id='word_1_534' title='bbox 407 2203 411 2237; x_wconf 71' lang='lat'>1</span> <span class='ocrx_word' id='word_1_535' title='bbox 431 2203 592 2236; x_wconf 72' lang='grc' dir='ltr'>δεύτερος</span> <span class='ocrx_word' id='word_1_536' title='bbox 610 2202 650 2229; x_wconf 80' lang='grc' dir='ltr'>ὧν</span> <span class='ocrx_word' id='word_1_537' title='bbox 668 2203 759 2234; x_wconf 75' lang='grc' dir='ltr'>τάξει</span> <span class='ocrx_word' id='word_1_538' title='bbox 778 2205 881 2237; x_wconf 81' lang='grc' dir='ltr'>πρῶτος</span> <span class='ocrx_word' id='word_1_539' title='bbox 900 2205 964 2237; x_wconf 67' lang='grc' dir='ltr'>ἔφυς</span> <span class='ocrx_word' id='word_1_540' title='bbox 983 2207 1070 2238; x_wconf 76' lang='grc' dir='ltr'>σοφίᾳ.</span> 
     </span>
    </p>

    <p class='ocr_par' dir='ltr' id='par_1_8' title="bbox 248 2254 1311 2290">
     <span class='ocr_line' id='line_1_43' title="bbox 248 2254 1311 2290; baseline 0.001 -10"><span class='ocrx_word' id='word_1_541' title='bbox 248 2254 271 2287; x_wconf 81' lang='lat'>⁸)</span> <span class='ocrx_word' id='word_1_542' title='bbox 308 2254 347 2281; x_wconf 80' lang='lat' dir='ltr'>Cf.</span> <span class='ocrx_word' id='word_1_543' title='bbox 366 2254 517 2281; x_wconf 84' lang='lat' dir='ltr'>Homerum</span> <span class='ocrx_word' id='word_1_544' title='bbox 536 2264 550 2288; x_wconf 92' lang='grc' dir='ltr'>ρ</span> <span class='ocrx_word' id='word_1_545' title='bbox 569 2255 622 2281; x_wconf 74' lang='lat'>218</span> <span class='ocrx_word' id='word_1_546' title='bbox 640 2254 676 2286; x_wconf 79' lang='grc' dir='ltr'>ὡς</span> <span class='ocrx_word' id='word_1_547' title='bbox 695 2257 746 2281; x_wconf 68' lang='lat' dir='ltr'>atne</span> <span class='ocrx_word' id='word_1_548' title='bbox 764 2255 808 2281; x_wconf 85' lang='grc' dir='ltr'>τὸν</span> <span class='ocrx_word' id='word_1_549' title='bbox 826 2255 917 2289; x_wconf 77' lang='grc' dir='ltr'>ὁμοῖον</span> <span class='ocrx_word' id='word_1_550' title='bbox 934 2256 996 2290; x_wconf 74' lang='grc' dir='ltr'>ἄγοι</span> <span class='ocrx_word' id='word_1_551' title='bbox 1013 2257 1078 2289; x_wconf 62' lang='grc' dir='ltr'>θεὸς</span> <span class='ocrx_word' id='word_1_552' title='bbox 1097 2256 1132 2289; x_wconf 78' lang='grc' dir='ltr'>ὤς</span> <span class='ocrx_word' id='word_1_553' title='bbox 1151 2257 1195 2283; x_wconf 84' lang='grc' dir='ltr'>τὸν</span> <span class='ocrx_word' id='word_1_554' title='bbox 1213 2256 1311 2290; x_wconf 78' lang='grc' dir='ltr'>ὁμοῖον.</span> 
     </span>
    </p>

    <p class='ocr_par' dir='ltr' id='par_1_9' title="bbox 250 2304 663 2338">
     <span class='ocr_line' id='line_1_44' title="bbox 250 2304 663 2338; baseline 0.007 -8"><span class='ocrx_word' id='word_1_555' title='bbox 250 2304 272 2338; x_wconf 82' lang='lat'>⁸)</span> <span class='ocrx_word' id='word_1_556' title='bbox 308 2306 412 2338; x_wconf 68' lang='grc' dir='ltr'>ιταῐρον</span> <span class='ocrx_word' id='word_1_557' title='bbox 430 2305 546 2332; x_wconf 86' lang='lat' dir='ltr'>coniecit</span> <span class='ocrx_word' id='word_1_558' title='bbox 564 2306 663 2333; x_wconf 83' lang='lat' dir='ltr'>Graux.</span> 
     </span>
    </p>
   </div>
   <div class='ocr_carea' id='block_1_5' title="bbox 97 2356 1871 2475">
    <p class='ocr_par' dir='ltr' id='par_1_10' title="bbox 97 2356 1871 2475">
     <span class='ocr_line' id='line_1_45' title="bbox 243 2356 1871 2393; baseline 0.002 -10"><span class='ocrx_word' id='word_1_559' title='bbox 243 2356 266 2391; x_wconf 76' lang='lat'>⁴)</span> <span class='ocrx_word' id='word_1_560' title='bbox 303 2356 418 2383; x_wconf 84' lang='lat' dir='ltr'>Carolus</span> <span class='ocrx_word' id='word_1_561' title='bbox 437 2357 527 2384; x_wconf 83' lang='lat' dir='ltr'>Graux</span> <span class='ocrx_word' id='word_1_562' title='bbox 542 2356 686 2384; x_wconf 84' lang='lat' dir='ltr'>&#39;Oeuvres&#39;</span> <span class='ocrx_word' id='word_1_563' title='bbox 710 2358 733 2384; x_wconf 93' lang='lat'>11</span> <span class='ocrx_word' id='word_1_564' title='bbox 758 2367 783 2392; x_wconf 88' lang='lat' dir='ltr'>p.</span> <span class='ocrx_word' id='word_1_565' title='bbox 803 2359 836 2384; x_wconf 85' lang='lat'>73</span> <span class='ocrx_word' id='word_1_566' title='bbox 855 2367 895 2392; x_wconf 80' lang='lat' dir='ltr'>sq.</span> <span class='ocrx_word' id='word_1_567' title='bbox 919 2358 987 2390; x_wconf 64' lang='grc' dir='ltr'>(ε’</span> <span class='ocrx_word' id='word_1_568' title='bbox 996 2359 1089 2385; x_wconf 81' lang='lat' dir='ltr'>Revue</span> <span class='ocrx_word' id='word_1_569' title='bbox 1109 2359 1143 2386; x_wconf 90' lang='lat' dir='ltr'>de</span> <span class='ocrx_word' id='word_1_570' title='bbox 1163 2357 1324 2392; x_wconf 74' lang='lat' dir='ltr'>Philologie&#39;</span> <span class='ocrx_word' id='word_1_571' title='bbox 1347 2359 1358 2385; x_wconf 85' lang='lat'>1</span> <span class='ocrx_word' id='word_1_572' title='bbox 1377 2367 1402 2385; x_wconf 73' lang='lat' dir='ltr'>a.</span> <span class='ocrx_word' id='word_1_573' title='bbox 1422 2358 1488 2385; x_wconf 87' lang='grc'>1877</span> <span class='ocrx_word' id='word_1_574' title='bbox 1506 2367 1533 2393; x_wconf 86' lang='lat' dir='ltr'>p</span> <span class='ocrx_word' id='word_1_575' title='bbox 1551 2359 1613 2392; x_wconf 66' lang='lat' dir='ltr'>su)</span> <span class='ocrx_word' id='word_1_576' title='bbox 1636 2367 1732 2393; x_wconf 69' lang='lat' dir='ltr'>parum</span> <span class='ocrx_word' id='word_1_577' title='bbox 1754 2359 1871 2387; x_wconf 70' lang='lat' dir='ltr'>feliciter</span> 
     </span>
     <span class='ocr_line' id='line_1_46' title="bbox 98 2398 1869 2435; baseline 0.003 -10"><span class='ocrx_word' id='word_1_578' title='bbox 98 2398 198 2426; x_wconf 88' lang='lat' dir='ltr'>conicit</span> <span class='ocrx_word' id='word_1_579' title='bbox 216 2399 406 2426; x_wconf 86' lang='lat' dir='ltr'>Philemonem</span> <span class='ocrx_word' id='word_1_580' title='bbox 425 2400 641 2434; x_wconf 72' lang='lat' dir='ltr'>intellegendum</span> <span class='ocrx_word' id='word_1_581' title='bbox 665 2409 726 2428; x_wconf 84' lang='lat' dir='ltr'>esse</span> <span class='ocrx_word' id='word_1_582' title='bbox 747 2400 854 2428; x_wconf 85' lang='lat' dir='ltr'>&#39;novae</span> <span class='ocrx_word' id='word_1_583' title='bbox 878 2402 1039 2428; x_wconf 78' lang='lat' dir='ltr'>comoediae</span> <span class='ocrx_word' id='word_1_584' title='bbox 1056 2399 1172 2429; x_wconf 79' lang='lat' dir='ltr'>Attieae&#39;</span> <span class='ocrx_word' id='word_1_585' title='bbox 1198 2402 1377 2432; x_wconf 83' lang='lat' dir='ltr'>inventorem.</span> <span class='ocrx_word' id='word_1_586' title='bbox 1403 2401 1506 2435; x_wconf 83' lang='lat' dir='ltr'>quippe</span> <span class='ocrx_word' id='word_1_587' title='bbox 1523 2402 1601 2428; x_wconf 83' lang='lat' dir='ltr'>cuius</span> <span class='ocrx_word' id='word_1_588' title='bbox 1620 2402 1780 2429; x_wconf 72' lang='lat' dir='ltr'>comoediae</span> <span class='ocrx_word' id='word_1_589' title='bbox 1803 2405 1869 2430; x_wconf 71' lang='lat' dir='ltr'>tam-</span> 
     </span>
     <span class='ocr_line' id='line_1_47' title="bbox 97 2441 506 2475; baseline 0.005 -7"><span class='ocrx_word' id='word_1_590' title='bbox 97 2449 180 2475; x_wconf 78' lang='lat' dir='ltr'>quam</span> <span class='ocrx_word' id='word_1_591' title='bbox 198 2441 279 2469; x_wconf 83' lang='lat' dir='ltr'>heres</span> <span class='ocrx_word' id='word_1_592' title='bbox 298 2442 381 2469; x_wconf 79' lang='lat' dir='ltr'>fuerit</span> <span class='ocrx_word' id='word_1_593' title='bbox 398 2442 506 2470; x_wconf 82' lang='lat' dir='ltr'>mimus.</span> 
     </span>
    </p>
   </div>
   <div class='ocr_carea' id='block_1_6' title="bbox 251 2494 1683 2569">
    <p class='ocr_par' dir='ltr' id='par_1_11' title="bbox 251 2494 1683 2569">
     <span class='ocr_line' id='line_1_48' title="bbox 251 2494 1147 2530; baseline 0.003 -10"><span class='ocrx_word' id='word_1_594' title='bbox 251 2494 271 2527; x_wconf 76' lang='lat'>⁸)</span> <span class='ocrx_word' id='word_1_595' title='bbox 308 2494 347 2521; x_wconf 79' lang='lat' dir='ltr'>Ct&#39;.</span> <span class='ocrx_word' id='word_1_596' title='bbox 367 2494 449 2521; x_wconf 83' lang='lat' dir='ltr'>etiam</span> <span class='ocrx_word' id='word_1_597' title='bbox 469 2494 588 2528; x_wconf 82' lang='lat' dir='ltr'>Apollin.</span> <span class='ocrx_word' id='word_1_598' title='bbox 607 2495 702 2522; x_wconf 87' lang='lat' dir='ltr'>Sidon.</span> <span class='ocrx_word' id='word_1_599' title='bbox 722 2503 764 2529; x_wconf 86' lang='lat' dir='ltr'>ep.</span> <span class='ocrx_word' id='word_1_600' title='bbox 784 2495 807 2522; x_wconf 88' lang='lat'>11</span> <span class='ocrx_word' id='word_1_601' title='bbox 828 2496 839 2522; x_wconf 87' lang='lat'><strong>¹</strong></span> <span class='ocrx_word' id='word_1_602' title='bbox 860 2498 896 2529; x_wconf 85' lang='lat' dir='ltr'>(p.</span> <span class='ocrx_word' id='word_1_603' title='bbox 916 2497 964 2523; x_wconf 74' lang='lat'>211</span> <span class='ocrx_word' id='word_1_604' title='bbox 986 2496 1028 2523; x_wconf 83' lang='lat' dir='ltr'>ed.</span> <span class='ocrx_word' id='word_1_605' title='bbox 1046 2496 1147 2530; x_wconf 77' lang='lat' dir='ltr'>Buret).</span> 
     </span>
     <span class='ocr_line' id='line_1_49' title="bbox 1666 2543 1683 2569; baseline 0 0"><span class='ocrx_word' id='word_1_606' title='bbox 1666 2543 1683 2569; x_wconf 74' lang='lat'>⁸</span> 
     </span>
    </p>
   </div>
  </div>
 </body>
</html>
