2138 2748
1154 265 1196 297 40

440 369 720 402 FRANCISCUS
749 368 1029 405 ROEHMANN,
1066 368 1124 401 Dr.
1169 368 1311 400 Gratis
1346 368 1371 400 l.
1415 368 1464 399 De
1497 368 1709 409 respiratione
1742 370 1771 399 et
1804 367 1910 399 calore
1932 367 2065 399 animali

290 423 434 454 disseret
457 422 488 454 d.
504 422 587 454 Lun.
605 421 637 452 h.
653 420 712 452 IV.
758 420 955 452 Privatim
985 421 1025 452 II.
1057 420 1311 452 Eoeercitationes
1334 420 1473 451 chemiae
1490 420 1653 460 practicae
1676 419 1710 450 in
1732 429 1829 450 usum
1854 429 1979 455 eorum,
2005 418 2064 462 qui

289 474 367 505 huic
402 472 514 504 studio
551 483 687 514 operam
723 471 803 503 dare
836 471 1016 513 incipiunt,
1055 470 1285 502 moderabitur
1314 470 1346 503 d.
1369 470 1468 503 Mart.
1497 475 1531 502 et
1551 470 1656 502 Mero.
1684 469 1737 501 vel
1767 469 1798 502 d.
1824 470 1893 502 Iov.
1923 474 1957 502 et
1979 469 2065 502 Ven.

289 525 321 558 h.
346 524 514 556 IV—-VII,
560 523 616 556 111.
646 524 895 565 Disquisitiones
927 524 969 554 ad
997 523 1148 554 chemiam
1170 522 1422 563 physiologicam
1448 523 1641 562 pertinentes
1670 521 1703 552 in
1733 531 1830 552 usum
1855 531 1980 558 eorum,
2006 521 2065 564 qui

291 577 427 618 longius
451 575 605 621 provecti
629 579 716 614 sunt,
741 574 884 616 dirigere
907 578 1036 616 perget.

442 634 690 667 ARNOLDUS
720 634 902 673 HILLER,
938 633 997 666 Dr.
1048 633 1197 665 Gratis.
1242 634 1400 674 Hyyienes
1427 633 1577 664 militaris
1606 635 1729 673 partem
1758 633 1899 673 primam
1930 630 2068 663 docebit

291 687 342 718 bis
366 697 426 729 per
449 685 549 718 hebd.
573 685 606 718 h.
631 685 696 718 def.

443 745 651 778 CAROLUS
681 745 906 782 PARTSCH,
933 745 990 777 Dr.
1037 744 1178 776 Gratis
1202 744 1226 775 Ι.
1271 744 1456 784 Aciuryiam
1479 743 1638 775 tractabit
1659 742 1712 774 bis
1734 752 1797 784 per
1818 742 1920 775 hebd.
1943 742 1976 775 h.
2001 741 2066 775 def.

290 798 488 830 Privatim
511 798 552 831 II.
597 798 849 829 Ambulatorium
872 797 1084 837 chiruryicum
1107 795 1229 838 diriget
1250 794 1413 837 quotidie.
1456 795 1513 826 III.
1552 795 1600 826 De
1622 794 1743 826 her-niis
1767 793 1911 826 disseret
1931 793 1985 825 bis
2007 803 2069 836 per

290 850 390 881 hebd.
415 849 448 882 h.
473 849 538 880 def.

447 907 673 940 IOSEPHUS
698 907 986 944 SCHROETER,
1015 907 1073 938 Dr.
1120 906 1303 938 Gratis'l.
1342 908 1391 938 De
1419 907 1533 947 funyis
1562 906 1769 938 oeconomicis
1800 904 1944 936 disseret
1966 904 2069 936 semel

290 972 351 1003 per
379 960 480 992 hebd.
510 961 541 992 h.
573 959 639 991 def.
684 959 878 990 Privatim
907 959 948 991 II.
993 959 1216 990 Bacteriorum
1248 961 1384 998 systema
1414 961 1443 989 et
1470 958 1606 998 species,
1641 957 1788 997 hyyienes
1818 959 1847 988 et
1868 956 2070 996 pathotoyiae

289 1013 460 1054 praecipue
482 1013 606 1044 ratione
629 1011 736 1042 habita
759 1014 907 1052 exponet
942 1010 993 1041 bis
1029 1020 1088 1051 per
1117 1009 1218 1042 hebd.
1242 1009 1275 1041 h.
1299 1008 1364 1040 def.
1411 1007 1699 1039 Privatissime
1721 1007 1778 1039 ΠΙ.
1817 1007 2070 1039 Exercitationes

291 1065 325 1095 in
347 1062 618 1105 emplorationibus
641 1062 890 1102 bacterioloyicis
913 1060 1143 1092 moderabitur
1166 1060 1198 1093 h.
1223 1059 1289 1092 def.

446 1121 690 1154 GUSTAVUS
707 1121 930 1163 PLATNER,
955 1121 1012 1153 Dr.
1059 1120 1201 1152 Gratis
1217 1121 1242 1152 I.
1271 1121 1320 1152 De
1338 1120 1512 1152 evolutione
1534 1120 1713 1160 systematis
1735 1129 1907 1151 nervorum
1927 1117 2072 1155 disseret

293 1174 396 1206 semel
419 1185 479 1216 per
502 1173 604 1205 hebd.
628 1173 660 1205 h.
685 1172 751 1206 def.
795 1172 989 1204 Privatim
1014 1172 1053 1203 II.
1098 1171 1307 1212 Osteoloyiam
1332 1175 1360 1203 et
1382 1171 1667 1212 syndesmoloyiam
1687 1170 1823 1202 hominis
1843 1169 2022 1210 yeneralem
2043 1173 2072 1200 et

294 1227 464 1267 specialem
487 1224 645 1256 tractabit
668 1223 700 1256 d.
724 1224 808 1255 Lun.
832 1224 930 1256 Mart.
954 1223 1057 1254 Merc.
1081 1223 1151 1256 Iov.
1173 1223 1258 1255 Ven.
1281 1222 1313 1254 h.
1337 1221 1418 1254 VIII
1441 1232 1550 1263 usque
1574 1221 1619 1253 ad
1641 1221 1742 1253 huius
1765 1221 1842 1252 anni
1865 1220 1974 1253 finem.

835 1455 997 1498 ORDO
1028 1453 1540 1497 PHILOSOPHORUM.

445 1576 731 1610 THEODORUS
755 1575 946 1613 POLECK,
974 1576 1029 1608 Dr.
1045 1575 1082 1608 P.
1098 1575 1134 1608 P.
1153 1575 1193 1607 O.
1218 1575 1250 1607 h.
1274 1579 1296 1607 t.
1314 1574 1395 1606 Dec.
1440 1572 1613 1605 Publice
1636 1573 1661 1605 Ι.
1715 1573 1910 1615 Colloquium
1924 1572 2074 1606 chem-'co-

290 1631 581 1673 pharmaceuticum
621 1628 774 1660 instituet
815 1627 918 1659 semel
950 1638 1012 1670 per
1046 1626 1146 1660 hebd.
1180 1626 1213 1658 h.
1249 1626 1314 1658 des.
1370 1625 1568 1656 Privatim
1600 1625 1642 1656 Π.
1695 1624 1854 1656 Chemiam
1891 1624 2074 1663 oryanicam

292 1683 416 1714 ratione
449 1681 656 1722 phar-mactae
688 1680 863 1721 praecipue
905 1678 1012 1710 habita
1045 1677 1157 1709 tradet
1191 1682 1224 1709 et
1259 1676 1494 1720 experimentis
1531 1675 1715 1707 illustrabit
1751 1674 1906 1718 quotidie
1942 1674 1976 1708 h.
2015 1673 2073 1707 IX.

294 1733 351 1765 ΙΙΙ.
382 1731 706 1771 Pharmacoynosiam
734 1729 846 1761 tradet
876 1729 908 1762 d.
932 1730 1030 1761 Mart.
1054 1735 1087 1760 et
1108 1729 1193 1760 Ven.
1218 1729 1250 1761 h.
1273 1728 1332 1760 XI.
1377 1728 1435 1759 IV.
1471 1729 1519 1759 De
1541 1728 1694 1760 methodis
1717 1727 1898 1767 analyticis
1907 1726 1950 1758 ad
1970 1724 2074 1758 nutri-

294 1786 390 1816 menti
413 1788 441 1815 et
471 1793 572 1824 aquae
596 1786 624 1814 et
652 1783 738 1813 ae'ris
766 1782 902 1813 indolem
926 1782 1195 1822 perscrutandam
1225 1780 1348 1812 idoneis
1373 1784 1449 1822 aget
1473 1778 1505 1811 d.
1527 1777 1611 1810 Lun.
1637 1782 1670 1809 et
1693 1777 1763 1810 Iov.
1786 1777 1819 1810 h.
1841 1777 1900 1810 XI.
1949 1775 1992 1808 V.
2038 1776 2076 1809 ln

295 1835 487 1868 laboratorio
518 1834 652 1865 instituti
670 1833 922 1874 pharmaceutici
949 1834 1189 1864 exercitationes
1212 1831 1367 1863 chemicas
1397 1830 1571 1872 praecipue
1604 1830 1646 1862 ad
1670 1829 1901 1871 pharmaciam,
1923 1828 2076 1861 chemiam

287 1887 471 1927 forensem,
494 1885 646 1925 hyyienen
669 1884 829 1925 publicam
851 1887 1026 1924 spectantes
1049 1883 1278 1914 moderabitur
1301 1880 1693 1914 d.Lun.Mart.Me1-c.
1723 1870 2010 1912 Iov.Ven.inde
2032 1878 2074 1911 ab

296 1938 328 1970 h.
351 1937 400 1968 IX
423 1946 533 1978 usque
557 1935 600 1966 ad
623 1935 656 1967 h.
680 1935 722 1968 V.

450 1993 658 2026 CAROLUS
686 1993 882 2026 IACOBUS
906 1992 1111 2030 IOEWIG,
1142 1993 1201 2025 Dr.
1230 1993 1266 2024 P.
1294 1993 1329 2026 P.
1355 1992 1396 2025 Ο.
1440 1991 1613 2024 Publice
1647 1991 1671 2024 Ι.
1717 1992 1765 2024 De
1787 1991 1913 2032 analysi
1939 1991 2077 2023 chemica

298 2047 442 2078 disseret
463 2051 514 2077 ter
537 2056 598 2087 per
615 2045 718 2078 hebd.
741 2045 774 2078 Ι).
797 2044 889 2077 VIII.
937 2044 975 2077 11.
1001 2044 1160 2076 Chemiam
1183 2045 1411 2086 anoryanicam
1435 2043 1573 2075 docebit
1596 2048 1629 2074 et
1650 2043 1873 2084 emperimentis
1895 2041 2077 2074 illustrabit

299 2097 449 2140 quotidie
479 2097 511 2128 h.
542 2096 618 2128 XII.
664 2096 954 2128 Privatissime
986 2095 1044 2128 ΙΙΙ.
1088 2096 1127 2127 In
1162 2096 1354 2128 laboratorio
1390 2096 1527 2127 chemico
1556 2096 1692 2136 operam
1722 2092 1852 2126 daturis
1879 2092 1988 2125 aderit
2008 2102 2077 2124 una

301 2161 374 2181 cum
400 2148 444 2182 V.
469 2149 510 2180 de
534 2148 674 2180 Richter
696 2148 731 2180 P.
755 2148 792 2180 P.
816 2148 856 2181 E.
879 2147 911 2180 d.
935 2147 1020 2180 Lun.
1044 2147 1142 2180 Mart.
1165 2146 1268 2178 Merc.
1294 2147 1364 2179 Iov.
1390 2146 1473 2179 Ven.
1497 2146 1530 2180 h.
1555 2146 1738 2179 consuetis.
2075 2150 2079 2158 ¹

451 2207 658 2240 CAROLUS
676 2207 943 2241 WEINHOLD.
967 2207 1025 2239 Dr.
1042 2207 1077 2239 P.
1090 2206 1125 2239 P.
1140 2206 1178 2237 O.
1213 2206 1386 2238 Publice
1402 2206 1427 2238 I.
1451 2205 1624 2238 Seminarii
1638 2206 1822 2238 Gemanici
1837 2205 2077 2237 exercitationes

299 2261 529 2293 moderabitur
552 2260 583 2292 d.
600 2260 704 2292 Merc.
727 2260 760 2292 h.
774 2259 854 2291 VIII
870 2264 903 2291 et
915 2258 975 2292 IX.
1012 2258 1210 2290 Privatim
1233 2257 1273 2307 II.
1303 2257 1551 2290 Grammaticam
1572 2257 1776 2289 Theodiscam
1792 2256 1931 2288 docebit
1945 2255 1978 2288 d.
1993 2255 2077 2288 Lun.

299 2313 396 2344 Mart.
419 2313 487 2344 Iov.
513 2311 596 2343 Ven.
620 2310 654 2343 h.
679 2310 736 2343 IX.
2135 2310 2138 2318 “

452 2370 714 2402 RICHARDUS
750 2369 975 2406 ROEPELL,
1012 2369 1070 2402 Dr.
1111 2369 1146 2402 P.
1180 2369 1216 2402 P.
1251 2369 1292 2401 Ο.
1346 2368 1521 2400 Publice
1544 2367 1570 2400 Ι.
1621 2368 1874 2400 Exercitationes
1910 2367 2080 2400 sentinat-ii
2135 2346 2138 2351 ¹

300 2423 443 2454 historici
463 2422 692 2454 moderabitur
719 2422 771 2453 bis
801 2432 861 2463 per
889 2420 991 2454 hebd.
1015 2420 1048 2454 h.
1073 2421 1139 2455 def.
1195 2420 1391 2452 Privatim
1415 2420 1456 2453 11.
1501 2420 1678 2451 Historiam
1706 2420 1918 2452 universalem
1942 2419 2017 2451 inde
2038 2418 2078 2450 ab

301 2483 384 2505 anno
401 2473 490 2504 1830
511 2484 610 2515 usque
634 2475 675 2505 ad
698 2484 817 2505 annum
840 2473 929 2504 1850
951 2472 1089 2504 docebit
1112 2477 1232 2515 quater
1254 2482 1315 2514 per
1337 2471 1439 2504 hebd.
1463 2471 1495 2504 h.
1519 2470 1594 2503 XII.
