2138 2748
1132 264 1167 295 18

258 362 442 401 Menandri,
454 361 623 402 Diopithis
634 360 703 399 filii,
720 359 824 392 fuisse
839 368 1018 399 perperam
1030 358 1188 399 opinatur
1202 358 1222 399 ¹)
1235 360 1335 398 atque
1352 356 1530 389 sententiis
1542 357 1692 389 metricis
1707 357 1778 389 fere
1793 357 1867 398 pari
1884 367 2045 390 successu

259 415 346 446 inter
362 422 398 444 se
414 414 562 444 certasse
573 411 811 443 Philistionem
827 411 860 442 et
870 410 1091 442 Menandrum
1104 410 1150 442 ita
1162 411 1287 448 narrat,
1302 411 1339 441 ut
1355 408 1461 449 ipsius
1469 406 1658 441 ‘Menandri
1671 411 1705 441 et
1715 408 1927 441 Philistionis
1941 408 2046 441 Com-

257 459 457 505 parationis'
481 463 637 495 notitiam
653 461 823 500 Choricio,
847 470 923 493 cum
945 461 1135 502 apologiam
1158 461 1338 493 mimorum
1361 460 1575 499 declamaret,
1598 463 1769 492 recentem
1792 460 1896 492 fuisse
1918 461 2043 501 proba-

258 515 370 547 biliter
393 514 574 547 coniecerit
591 513 732 546 Carolus
749 513 870 551 Graux,
878 511 901 553 ²)
925 511 991 544 nisi
1011 512 1101 553 quod
1116 512 1350 544 Philemonem
1372 521 1434 552 pro
1450 510 1651 543 Philistione
1674 510 1854 543 infeliciter
1870 510 2043 543 substituit

258 566 308 598 vir
331 565 559 604 doctissimus,
583 565 707 597 oblitus
731 563 860 596 scilicet
877 559 1178 604 ‘Comparationis'
1203 572 1320 594 versus
1348 562 1378 601 8,
1402 562 1438 593 in
1461 571 1527 602 quo
1549 561 1706 594 Philistio
1726 562 1901 594 Menandri
1925 562 2044 594 adver-

259 617 368 649 sarius
384 617 571 657 appellatur
587 615 683 658 (ἔχων
699 614 806 657 ἀγῶνα
820 614 898 656 πρὸς
913 613 1147 646 Φιλιστίωνα
1161 613 1236 655 νῦν).
1282 613 1356 652 Quo
1372 623 1463 645 anno
1479 613 1670 654 apologiam
1687 613 1867 645 mimorum
1883 612 1992 646 Gazae
2006 613 2043 645 in

258 668 442 700 Philistaea
466 667 703 700 declamaverit
726 666 914 704 Choricius,
938 666 1123 703 nescimus;
1146 667 1280 698 constat
1303 667 1415 697 autem
1438 665 1639 705 discipulum
1663 674 1739 696 eum
1762 664 1866 696 fuisse
1887 663 2045 705 Procopii

260 719 379 751 Gazaei
403 718 561 758 rhetoris,
584 718 640 759 qui
663 718 850 758 imperante
865 716 1046 748 Anastasio
1070 716 1112 757 (a.
1128 717 1312 756 491—518)
1329 716 1452 754 docuit,
1475 718 1509 748 et
1531 717 1609 756 post
1629 715 1782 756 magistri
1805 717 1949 748 mortem
1971 715 2044 748 eius

261 780 493 802 successorem
516 770 551 801 in
574 770 656 802 urbe
681 768 792 809 patria
814 767 1004 799 rhetoricae
1026 767 1242 807 potissimum
1266 770 1299 799 et
1320 776 1465 808 poeseos
1488 767 1586 799 laude
1610 767 1751 799 florente
1763 766 1788 808 ³)
1810 766 1936 799 factum
1959 776 2045 799 esse.

260 822 374 862 Itaque
398 820 563 862 suspicari
585 820 663 852 licet
686 822 743 851 aut
765 819 853 851 hanc
876 818 996 859 ipsam,
1019 828 1104 859 quae
1133 819 1177 851 ad
1200 820 1353 850 nostram
1375 818 1574 850 memoriam
1597 818 1760 859 pervenit,
1785 816 1969 859 Μενάνδρου
1991 817 2048 849 καὶ

261 872 460 909 Φιλιστίωνος
488 870 654 913 Σύγκρισιν
677 872 733 902 aut
757 869 968 910 deperditum
991 869 1128 910 aliquod
1150 869 1326 901 Menandri
1356 871 1388 901 et
1416 869 1628 901 Philistionis
1658 869 1850 908 Certamen,
1879 869 1923 901 ad
1951 868 2045 901 cuius

261 924 450 964 exemplum
474 933 523 962 ea,
547 932 631 963 quae
649 923 782 953 servata
797 923 858 960 est,
881 919 1046 962 Σύγκρισις
1068 930 1138 952 non
1153 921 1258 953 multo
1274 922 1353 961 post
1369 920 1558 961 composita
1580 920 1634 959 sit,
1657 920 1845 961 imperante
1859 919 2046 952 Iustiniano

260 976 311 1008 vel
327 975 428 1015 paulo
452 976 530 1006 ante
552 972 729 1005 Iustiniani
752 972 930 1013 imperium
954 971 1062 1004 Gazae
1084 972 1135 1003 vel
1158 971 1271 1012 potius
1295 972 1328 1003 in
1351 971 1434 1003 urbe
1450 971 1562 1012 aliqua
1583 971 1626 1003 ab
1649 971 1713 1004 hac
1729 981 1798 1003 non
1814 971 1920 1003 nimio
1936 969 2047 1012 spatio

261 1027 428 1066 dirempta
451 1025 565 1066 (veluti
578 1023 778 1065 Caesareae)
803 1023 1028 1063 compositum
1051 1032 1090 1054 ae
1112 1023 1246 1063 publice
1262 1023 1485 1055 declamatum
1502 1032 1587 1062 esse,
1611 1024 1711 1063 atque
1735 1022 1771 1054 in
1786 1022 1843 1054 illo
1859 1022 2047 1055 litterarum

261 1078 383 1118 angulo
413 1076 585 1108 trimetros
615 1075 780 1108 iambicos
811 1084 850 1106 ea
872 1074 968 1106 fictos
998 1071 1073 1106 esse
1101 1074 1247 1112 licentia,
1282 1084 1381 1115 quam
1416 1083 1518 1114 supra
1555 1073 1599 1115 (p.
1626 1074 1664 1105 13
1689 1073 1752 1115 sq.)
1784 1073 1936 1114 pluribus
1968 1082 2047 1114 per-

262 1128 367 1161 secuti
402 1137 527 1160 sumus.
583 1127 742 1159 Diversas
777 1125 911 1166 quidem
946 1125 1036 1166 leges
1075 1125 1225 1166 sequitur
1247 1125 1390 1157 Ioannes
1418 1125 1584 1163 GazanS,
1611 1124 1723 1156 Nonni
1751 1124 1916 1164 imitator,
1950 1124 2045 1157 cuius

264 1180 443 1222 Ἔκφρασιν
463 1182 517 1211 τοῦ
539 1178 694 1221 κοσμικοῦ
710 1177 841 1215 πίνακος
868 1179 1191 1209 commemoraverat
1202 1176 1226 1218 ⁴)
1253 1176 1440 1217 Procopius
1464 1176 1613 1208 Gazaeus
1637 1176 1851 1216 imperatoris
1873 1175 2047 1209 Anastasii

261 1231 420 1272 aequalis,
444 1231 480 1262 in
502 1230 689 1271 pangendis
714 1229 762 1261 eis
785 1228 959 1267 trimetris,
983 1237 1067 1269 quos
1083 1228 1216 1269 utrique
1235 1223 1514 1268 ‘Descriptionis'
1539 1227 1626 1268 parti
1643 1229 1676 1259 et
1692 1227 1824 1259 duobus
1841 1227 2046 1259 carminibus

261 1282 508 1315 anacreonticis
522 1281 545 1323 ⁵)
575 1281 762 1322 praemisit.
803 1281 925 1312 Verum
957 1282 990 1312 et
1016 1279 1128 1311 varios
1156 1279 1291 1311 iambici
1317 1279 1461 1311 trimetri
1487 1281 1695 1320 χαρακτῆρας
1721 1279 1906 1320 Byzantina
1939 1279 2049 1311 aetate

262 1334 442 1366 distinctos
460 1343 535 1365 esse
551 1333 666 1364 monui
681 1341 784 1373 supra
799 1332 890 1372 (p.11
908 1330 970 1372 sq.)
988 1340 1096 1372 neque
1110 1331 1169 1362 uni
1182 1330 1357 1371 eidemque
1374 1330 1510 1362 scholae
1531 1339 1649 1362 omnes
1665 1330 1790 1362 addicti
1806 1331 1903 1362 erant
1916 1331 2048 1371 poetae.

415 1383 589 1416 Eiusmodi
618 1382 881 1415 declamationes
905 1382 1079 1414 Menandri
1108 1384 1141 1413 et
1170 1381 1382 1413 Philistionis
1406 1383 1667 1422 personatorum
1697 1383 1730 1413 et
1754 1380 1931 1413 sententiis
1959 1380 2049 1413 inter

263 1446 299 1468 se
324 1435 524 1468 certantium
548 1436 757 1476 quantopere
785 1433 973 1475 placuerint
996 1432 1167 1465 Graeculis
1193 1432 1227 1464 in
1249 1432 1445 1464 Palaestina
1466 1432 1707 1471 habitantibus,
1737 1432 1859 1464 docent
1878 1430 2049 1464 ‘Disticha

264 1485 428 1519 Parisina'
455 1489 488 1519 et
505 1484 762 1527 ‘Appendicesl
785 1487 818 1517 et
833 1483 883 1523 II',
907 1493 970 1516 nec
993 1483 1158 1516 dissimile
1180 1483 1250 1515 veri
1274 1485 1326 1515 est
1349 1493 1417 1515 non
1442 1493 1568 1524 paucos
1592 1493 1708 1515 eorum
1730 1483 1968 1523 trimetrorum,
1992 1483 2048 1525 qui

241 1576 247 1582 ῃ
267 1538 452 1570 Menandro
475 1538 527 1569 vel
550 1536 743 1569 Philistioni
766 1536 959 1568 tribuuntur
981 1535 1016 1566 in
1040 1534 1296 1567 collectionibus
1319 1534 1563 1566 sententiarum
1588 1544 1629 1566 ex
1653 1530 1927 1567 ‘Parallelorum’
1950 1534 2049 1574 libro,

272 1589 313 1621 de
337 1599 402 1630 quo
427 1598 528 1629 supra
551 1588 596 1629 (p.
612 1587 645 1629 8)
668 1587 747 1626 dixi,
772 1587 930 1619 derivatis
947 1587 1088 1618 haustos
1112 1595 1187 1617 esse
1211 1595 1252 1617 ex
1277 1585 1442 1617 similibus
1458 1585 1633 1618 Menandri
1658 1587 1691 1618 et
1705 1585 1917 1618 Philistionis
1934 1585 2050 1618 Certa-

272 1640 419 1672 minibus
443 1639 544 1672 hodie
572 1641 629 1671 aut
656 1638 838 1679 deperditis
867 1640 923 1670 aut
953 1637 1104 1670 nondum
1133 1647 1174 1669 ex
1203 1636 1356 1669 codicum
1384 1636 1677 1669 miscellaneorum
1705 1637 1844 1670 latebris
1874 1637 1909 1669 in
1938 1637 2048 1670 lucem

260 1691 451 1733 protractis.

415 1829 551 1866 Eorum,
575 1837 660 1868 quae
689 1827 777 1858 infra
804 1826 878 1865 edo,
909 1825 1139 1858 Certaminum
1167 1825 1279 1857 verbis
1308 1825 1432 1866 partim
1462 1825 1649 1857 emendatis
1677 1825 1801 1866 partim
1826 1825 2048 1858 emendandis

264 1880 449 1921 subscripsi
474 1881 507 1911 et
528 1878 704 1911 Menandri
727 1877 1004 1918 Philemonisque
1027 1877 1223 1915 editionum,
1247 1875 1367 1917 quibus
1390 1876 1489 1917 vulgo
1511 1876 1646 1915 utimur,
1667 1876 1867 1917 paginarum
1889 1886 2049 1910 numeros

264 1935 297 1964 et
320 1931 565 1964 sententiarum
589 1929 748 1961 similium
772 1928 972 1960 memoriam
996 1928 1084 1968 apud
1113 1927 1198 1960 alios
1228 1927 1412 1968 scriptores
1437 1929 1603 1959 servatam
1633 1929 1666 1959 et
1686 1927 1843 1971 [codicum
1866 1928 2046 1961 lectionem

264 1983 513 2024 discrepantem
536 1982 702 2021 integram
725 1982 758 2012 et
782 1979 1037 2012 emendationes
1062 1979 1341 2020 coniecturasque
1364 1979 1406 2011 ab
1430 1978 1626 2011 hominibus
1651 1979 1760 2011 doctis
1783 1979 1985 2020 propositas.

416 2033 567 2074 Denique
595 2034 690 2073 grato
714 2031 828 2063 animo
855 2030 1015 2071 profiteor
1039 2030 1192 2062 codicum
1209 2030 1346 2062 Stobaei
1369 2030 1522 2071 ssorilegii
1546 2030 1583 2072 (S
1602 2045 1642 2058 =
1661 2030 1936 2063 vindobonensis
1961 2041 2049 2064 saec.

264 2087 316 2125 XI,
339 2086 371 2118 M
387 2099 427 2112 =
443 2083 690 2117 Escurialensis
716 2091 804 2114 saec.
827 2081 895 2120 XII,
923 2082 953 2114 A
970 2096 1009 2108 =
1026 2081 1171 2114 Parisini
1197 2082 1280 2114 1984
1303 2091 1389 2114 saec.
1413 2081 1496 2123 XIV)
1520 2081 1700 2121 lectiones,
1730 2092 1813 2123 quas
1842 2082 1878 2114 in
1907 2082 2049 2115 adnota-

264 2137 356 2169 tione
385 2132 672 2177 ‘Comparationi'
714 2134 865 2166 subiecta
904 2133 1180 2172 commemoravi,
1226 2133 1348 2165 debere
1381 2142 1435 2165 me
1469 2132 1594 2173 insigni
1628 2133 1763 2165 Ottonis
1802 2133 1918 2165 Hense
1950 2133 2049 2166 amici
2091 2155 2094 2163 ,

266 2187 503 2220 officiosissimi
525 2185 735 2223 liberalitati;
760 2184 886 2216 codicis
911 2184 938 2216 B
962 2183 1009 2225 (id
1033 2186 1084 2216 est
1099 2183 1246 2216 Parisini
1271 2184 1352 2216 1985
1377 2193 1464 2216 saec.
1487 2183 1571 2226 XVI)
1594 2183 1753 2216 audacter
1776 2194 1815 2216 ac
1831 2184 1929 2217 foede
1945 2184 2049 2218 inter-

265 2239 369 2280 polati
391 2238 554 2270 lectiones
578 2239 664 2269 teste
688 2235 882 2268 Gaisfordio
907 2235 1178 2268 commemoravi.

421 2332 441 2366 ¹)
478 2332 518 2359 Cf.
538 2339 609 2365 quae
629 2339 714 2365 supra
735 2331 771 2364 (p.
791 2330 818 2362 9)
838 2330 872 2356 de
891 2329 973 2356 simili
993 2337 1086 2355 errore
1106 2329 1140 2355 ab
1159 2329 1220 2356 aliis
1239 2329 1380 2356 Graeculis
1399 2329 1547 2355 commisso
1566 2328 1667 2355 rettuli.

419 2376 442 2410 ²)
473 2372 614 2402 'Oeuvres'
637 2375 661 2401 11
679 2383 706 2408 p.
726 2374 767 2400 74.

420 2419 441 2452 ⁸)
479 2419 519 2446 cf.
538 2427 561 2445 e.
580 2426 606 2452 g.
625 2418 763 2444 Starkium
778 2415 865 2444 ‘Gaza
883 2416 939 2442 und
960 2415 1004 2442 die
1023 2415 1213 2449 philistaische
1231 2413 1321 2442 Kuste'
1342 2423 1369 2448 p.
1388 2415 1440 2441 634
1457 2423 1519 2448 sqq.

419 2462 442 2496 ⁴)
479 2462 518 2488 Cf.
537 2461 706 2488 Fridericum
725 2460 852 2486 Hanssen
871 2459 900 2485 in
918 2457 1055 2492 Philolog.
1075 2459 1216 2493 supplem.
1234 2459 1258 2485 V
1275 2467 1301 2492 p.
1320 2458 1380 2484 205.

420 2505 440 2538 ⁵)
476 2505 525 2531 Ed.
543 2504 682 2538 Eugenius
701 2503 771 2530 Abel
790 2502 923 2536 (Berolini
943 2511 966 2529 a.
988 2502 1065 2535 1882)
1084 2510 1110 2536 p.
1131 2502 1164 2528 13
1183 2510 1224 2536 sq.
1243 2501 1285 2528 34.
1304 2501 1346 2528 57.
