2138 2748
1148 208 1191 240 44

276 320 309 346 et
334 314 417 346 Ven.
442 313 475 346 h.
492 313 550 345 XI.
595 313 652 346 111.
677 314 931 345 Exercitationes
954 312 1109 344 cbemicas
1137 312 1180 343 ad
1206 312 1435 351 ayricalturam
1452 313 1649 353 pertinentes
1671 311 1902 344 moderabitur
1924 311 1956 344 d.
1975 311 2059 346 Lun.

277 365 376 398 Mart.
401 364 504 396 Mero.
527 364 598 396 lov.
628 363 709 395 Ven.
733 363 767 396 h.
784 362 903 395 II—V.
939 391 948 396 -

428 430 687 463 RICHARDUS
710 429 973 466 METZDORF,
991 429 1049 462 Dr.
1065 429 1102 462 P.
1118 430 1154 463 P.
1170 430 1210 462 E.
1234 429 1406 461 Publice
1422 431 1446 463 Ι.
1474 431 1768 463 Demonstrationes
1785 431 1827 463 ad
1840 431 1968 464 morbos
1991 432 2060 464 ani-

273 484 403 516 malium
425 484 668 515 domesticorum
679 483 874 523 pertinentes
897 481 1050 512 instituet
1066 481 1170 512 semel
1192 491 1254 522 per
1275 480 1378 513 hebd.
1401 481 1434 513 h.
1459 480 1526 513 def.
1571 481 1766 513 Privatim
1789 482 1831 514 11.
1859 482 2060 514 Anatomiam

276 540 304 567 et
326 534 561 576 physioloyiam
590 533 775 565 animalium
804 533 1046 565 domesticorum
1081 532 1220 564 docebit
1243 537 1363 574 quater
1384 543 1446 575 per
1473 531 1575 565 hebd.
1599 532 1632 565 h.
1657 532 1723 565 def.
1768 532 1825 565 111.
1873 533 1922 566 De
1942 533 2061 566 morbis

277 586 471 626 contayiosis
506 585 693 616 animalium
715 593 874 616 zoonosos
903 584 1060 616 hominum
1089 584 1264 625 respiciens
1289 583 1434 614 disseret
1463 583 1516 615 bis
1539 594 1600 625 per
1624 583 1724 616 hebd.
1748 583 1782 617 h.
1806 583 1873 615 def.
1916 583 2060 615 Priva-

276 637 440 669 tissime
469 635 529 667 IV.
573 636 612 666 In
635 635 827 667 laboratorio
851 635 988 666 instituti
1011 635 1197 666 veterinarii
1219 645 1356 676 operam
1382 634 1511 666 daturis
1536 634 1644 666 aderit
1666 635 1719 666 bis
1743 645 1803 677 per
1825 634 1927 668 hebd.
1943 634 1977 668 11.
1995 633 2061 667 def.

431 702 670 735 SIGFRIDUS
695 701 1063 739 FRIEDLAENDER,
1088 701 1146 733 Dr.
1173 702 1209 733 P.
1237 702 1272 733 P.
1300 702 1340 736 E.
1385 703 1560 734 Publice
1578 704 1603 734 Ι.
1643 703 1884 744 Technoloyiam
1906 713 2062 745 aquaram

277 755 437 788 tractabit
461 759 494 786 et
517 754 741 795 emperimentis
764 753 948 784 illustrabit
971 752 1003 786 d.
1026 752 1097 786 Sat.
1121 753 1154 786 h.
1177 754 1220 786 X.
1264 753 1464 785 Privatim
1488 755 1528 786 11.
1568 755 1730 787 Alcobolis
1753 758 1782 786 et
1796 755 1944 786 sacchar-i
1956 754 2063 795 sabri-

277 809 431 840 cationem
460 805 597 837 docebit
625 804 657 835 d.
686 804 770 835 Lun.
794 804 893 836 Mart.
923 804 1028 836 Merc.
1058 804 1091 837 h.
1121 804 1180 837 XI.
1224 806 1282 837 ΠΙ.
1326 806 1365 836 In
1387 805 1582 838 laboratorio
1606 806 1816 847 technoloyico
1839 815 1979 847 operam
2001 805 2060 838 da-

277 859 361 891 turis
385 857 494 889 aderit
516 856 620 887 ternis
643 866 705 897 per
727 855 829 888 hebd.
855 855 975 887 diebus
999 855 1032 888 h.
1055 856 1103 887 ΠΙ
1127 860 1160 887 et
1182 856 1241 888 IV.

428 915 701 949 FRIDERICUS
734 915 1067 957 HOLDEFLEISS,
1096 915 1156 948 Dr.
1183 916 1220 949 P.
1242 915 1279 948 P.
1302 915 1342 948 E.
1392 915 1568 947 Publice
1596 917 1621 948 I.
1661 917 1826 948 Lanarum
1855 916 2063 956 coynitianem

278 969 416 1003 docebit
450 967 553 999 semel
587 977 648 1009 per
681 966 783 999 hebd.
818 967 851 998 h.
880 967 945 998 def.
989 967 1192 998 Privatim
1217 968 1258 999 H.
1293 968 1467 999 Doctrinae
1494 968 1709 1008 ayricaltarae
1731 970 1859 1008 partem
1884 967 2062 1008 generalem

281 1021 393 1054 tradet
417 1019 448 1051 d.
466 1019 549 1051 Lun.
572 1018 607 1049 h.
629 1019 679 1049 IX
702 1022 736 1049 et
758 1018 802 1059 X,
827 1017 858 1051 d.
882 1018 982 1050 Mart.
1005 1023 1039 1050 et
1061 1018 1164 1051 Mero.
1188 1017 1222 1051 h.
1246 1018 1321 1049 XII.
1370 1018 1427 1050 111.
1450 1019 1499 1050 De
1519 1018 1719 1059 graminibus
1741 1020 1777 1049 in
1793 1018 1903 1059 pratis
1924 1017 2063 1050 colendis

279 1073 423 1104 disseret
446 1070 478 1101 d.
507 1069 576 1101 Sat.
600 1068 634 1101 h.
658 1069 732 1101 XII.

432 1128 680 1162 CONRADUS
704 1128 903 1164 ZACHER.
927 1128 986 1160 Dr.
1013 1129 1050 1162 P.
1070 1129 1107 1160 P.
1126 1129 1165 1161 E.
1210 1128 1407 1160 Privatim
1430 1130 1455 1161 I.
1499 1129 1709 1170 Eloquentiae
1733 1128 1876 1160 Graecae
1898 1128 2064 1160 historiam

280 1181 495 1215 adumbrabit
529 1185 562 1211 et
595 1181 817 1212 Demosthenis
851 1181 1026 1212 orationem
1060 1181 1099 1212 de
1132 1190 1252 1212 corona
1286 1180 1470 1222 explicabit
1504 1180 1536 1212 d.
1570 1179 1669 1212 Mart.
1703 1179 1775 1211 Iov.
1811 1178 1896 1211 Ven.
1923 1178 1957 1211 h.
1986 1178 2063 1211 XII.

278 1232 570 1267 Privatissime
601 1235 640 1262 et
668 1230 798 1272 gratis
827 1230 868 1262 ΙΙ.
913 1232 1168 1264 Emercitationes
1196 1232 1345 1263 metricas
1373 1235 1402 1263 et
1429 1233 1558 1263 criticas
1587 1232 1622 1262 in
1650 1232 1844 1271 trayicorwn
1869 1230 2065 1263 Graecorum

279 1286 411 1318 canticis
435 1284 558 1315 selectis
582 1282 735 1313 instituet
758 1281 810 1313 bis
833 1292 895 1323 per
916 1281 1019 1314 hebd.
1042 1282 1076 1315 h.
1101 1282 1166 1315 def.

431 1341 711 1374 LEONARDUS
735 1341 921 1378 WEBER‚
961 1342 1016 1374 Dr.
1045 1342 1082 1375 P.
1110 1342 1147 1375 P.
1177 1342 1215 1375 E.
1262 1342 1437 1374 Publice
1467 1343 1492 1375 I.
1529 1342 1816 1374 Instrumentomm
1837 1342 2066 1383 asopo-{comm

281 1396 433 1428 theoriam
456 1393 568 1425 tradet
584 1392 688 1424 semel
703 1403 765 1434 per
776 1392 878 1425 hebd.
898 1393 931 1425 h.
949 1392 1015 1425 des.
1046 1393 1246 1425 Privatim
1268 1394 1310 1426 H.
1341 1394 1528 1426 Potentialis
1546 1393 1699 1425 theoriam
1711 1396 1860 1435 exponet
1873 1396 1994 1436 quater
2005 1402 2067 1435 per

282 1446 383 1479 hebd.
408 1445 441 1477 h.
467 1444 533 1476 def.
578 1443 870 1475 Privatissime
884 1444 941 1476 III.
968 1445 1213 1484 Quaestionibas
1231 1445 1376 1486 physicis
1391 1445 1516 1477 selectis
1539 1454 1677 1486 operam
1700 1443 1829 1475 daturis
1853 1443 1963 1476 aderit
1978 1454 2065 1487 quo-

279 1498 362 1530 tidie
386 1498 420 1528 in
443 1496 636 1527 laboratorio
655 1495 799 1536 physico.
847 1494 988 1526 Gratis
1011 1494 1071 1528 IV.
1097 1495 1293 1537 Colloqaium
1311 1497 1479 1537 physicum
1501 1488 1665 1528 instituet.

433 1554 646 1587 OSKARUS
674 1554 915 1592 ERDMANN,
956 1555 1013 1588 Dr.
1039 1554 1075 1588 P.
1104 1554 1139 1586 P.
1163 1556 1201 1587 E.
1246 1554 1419 1586 Publice
1452 1555 1477 1587 1.
1517 1556 1712 1587 Hartmanni
1749 1556 1787 1587 de
1819 1554 1890 1591 Aue
1923 1555 2067 1587 carmina

281 1610 396 1641 selecta
423 1605 702 1648 interpretabitur
731 1605 762 1638 d.
790 1605 889 1638 Mart.
918 1611 951 1637 et
976 1605 1059 1637 Ven.
1087 1606 1120 1637 h.
1143 1606 1201 1638 ΙΙΙ.
1251 1607 1293 1639 ΙΙ.
1332 1606 1587 1638 Exercitationes
1620 1606 1749 1638 Goticas
1777 1605 2008 1638 moderabitur
2031 1605 2064 1639 d.

280 1661 383 1692 Mero.
401 1659 434 1691 h.
450 1658 510 1690 IV.
545 1657 747 1688 Privatim
762 1657 820 1690 IIL
854 1658 997 1699 Linyaae
1016 1657 1195 1689 Germanae
1218 1658 1368 1698 syntaxin
1392 1657 1529 1689 docebit
1545 1661 1588 1694 et,
1612 1668 1675 1698 qua
1696 1659 1820 1690 ratione
1843 1668 1882 1690 ea
1895 1658 1931 1690 in
1951 1657 2067 1690 scholis

283 1711 451 1744 tractanda
473 1710 526 1749 sit,
551 1708 698 1739 breviter
722 1714 870 1750 exponet
895 1708 926 1741 d.
950 1708 1035 1741 Lun
1058 1709 1162 1741 Merc.
1186 1708 1257 1741 Iov.
1281 1708 1314 1741 h.
1337 1709 1395 1741 111.

435 1767 680 1800 AUGUSTUS
705 1767 1012 1806 SCHMARSOW,
1035 1768 1094 1800 Dr.
1118 1768 1154 1800 P.
1177 1767 1213 1800 P.
1238 1767 1276 1800 E.
1321 1767 1500 1799 Publice
1522 1769 1546 1800 Ι
1587 1769 1748 1809 Lessinyii
1769 1769 2008 1810 disquisitiones
2030 1769 2070 1801 de

275 1822 397 1864 finibus
421 1821 570 1862 picturae
599 1823 628 1850 et
652 1820 780 1861 poesis,
815 1820 929 1861 quibus
957 1830 1071 1852 nomen
1098 1821 1300 1860 „“Laocoon
1326 1820 1511 1861 inscripsit,
1550 1818 1718 1850 seminarii
1753 1818 1932 1850 sodalibus
1964 1819 2068 1852 inter-

283 1871 467 1916 pretandas
491 1875 662 1912 proponet
684 1870 736 1901 bis
759 1881 821 1912 per
843 1870 946 1903 hebd.
971 1870 1004 1903 h.
1018 1869 1084 1903 def.
1129 1870 1325 1902 Privatim
1341 1870 1382 1903 ΙΙ.
1411 1871 1538 1902 Artium
1555 1871 1768 1911 plasticamm
1789 1871 1875 1910 apud
1892 1869 2070 1903 Germanos

282 1935 365 1956 saec.
394 1923 459 1955 XV
485 1926 514 1954 ct
541 1922 621 1954 XVI
653 1922 818 1953 historiam
854 1922 1022 1954 enarrabit
1051 1927 1102 1953 ter
1136 1933 1196 1964 per
1223 1921 1325 1953 hebd.
1354 1922 1386 1953 h.
1418 1920 1484 1953 def.
1529 1921 1586 1954 III.
1640 1922 1690 1960 De
1718 1921 1847 1954 Alberto
1874 1922 2003 1954 Durero
2031 1931 2071 1955 ac

283 1974 450 2007 Leonardo
479 1973 588 2004 Vincio
613 1971 758 2003 disseret
780 1972 833 2003 bis
857 1982 918 2014 per
940 1972 1042 2004 hebd.
1066 1973 1099 2005 h.
1124 1973 1191 2006 def.

437 2031 707 2064 SIGMUNDUS
741 2031 1004 2070 FRAENKEL,
1032 2032 1091 2065 Dr.
1123 2034 1160 2065 P.
1195 2032 1231 2066 P.
1255 2032 1295 2064 Ε.
1340 2032 1511 2063 Publice
1545 2033 1570 2064 I.
1614 2032 1757 2064 Annales
1785 2032 1824 2064 ab
1853 2015 2070 2072 „arrabon-5²¹

284 2086 421 2125 scriptos
449 2083 634 2125 explicabit
658 2083 689 2114 d.
714 2082 800 2115 Ven.
824 2083 857 2115 h.
879 2084 938 2115 111.
982 2083 1183 2115 Privatim
1205 2084 1247 2116 Π.
1277 2083 1440 2116 Hamasae
1463 2084 1609 2115 carmina
1630 2082 1907 2126 interpretabitur
1929 2082 1962 2116 d.
1984 2083 2069 2118 Lun.

286 2140 319 2167 et
341 2135 445 2167 Merc.
469 2134 502 2167 h.
525 2135 583 2167 ΠΙ.
627 2135 685 2167 ΙΠ.
730 2135 895 2166 Elementa
918 2136 1045 2176 linquae
1068 2134 1221 2175 Syriacae
1244 2134 1383 2166 docebit
1406 2134 1438 2167 d.
1461 2134 1562 2167 Mart.
1586 2139 1619 2166 et
1641 2134 1712 2167 Iov.
1735 2134 1768 2166 h.
1792 2135 1849 2166 111.

440 2193 648 2226 CAROLUS
671 2193 855 2231 HINTZE‚
883 2194 942 2226 Dr.
964 2194 1000 2227 P.
1021 2196 1058 2228 P.
1078 2194 1118 2227 E.
1163 2194 1336 2226 Publice
1365 2195 1390 2227 I.
1433 2195 1688 2226 Exercitationes
1715 2195 1751 2226 in
1763 2195 1886 2234 formis
1907 2195 2070 2235 crystallo-

286 2257 358 2278 rum
381 2246 580 2287 explicandis
603 2245 835 2277 moderabitur
857 2245 890 2278 d.
914 2246 984 2277 Sat.
1009 2245 1042 2278 h.
1065 2245 1141 2278 XII.
1186 2245 1383 2277 Privatim
1412 2246 1453 2278 H.
1477 2246 1721 2286 Mineraloyiam
1743 2246 1913 2287 specialem
1934 2247 2070 2284 (omissa
2134 2225 2138 2279 i

282 2301 377 2338 parte
397 2297 552 2338 generali)
577 2296 715 2328 docebit
738 2296 769 2328 d.
794 2296 877 2329 Lun.
901 2296 999 2329 Mart.
1024 2297 1128 2330 Mero.
1151 2298 1223 2330 Iov.
1247 2297 1328 2330 Ven.
1351 2297 1384 2330 h.
1407 2297 1466 2329 III.
1510 2296 1794 2328 Privatissime
1815 2297 1875 2330 111.
1917 2297 2070 2330 Inlabe-

287 2348 408 2379 ratorio
431 2348 656 2388 mineraloyico
681 2347 972 2390 operamldaturis
996 2347 1105 2380 aderit
1127 2348 1291 2390 quotidie.

440 2406 672 2440 HENRICUS
698 2407 891 2449 GRAETZ,
915 2407 974 2440 Dr.
995 2408 1032 2441 P.
1055 2407 1091 2441 P.
1115 2407 1195 2441 hon.
1241 2407 1387 2440 Scholas
1410 2418 1478 2439 non
1502 2407 1651 2440 habebit.
