2138 2748
1166 227 1204 259 16

445 328 690 361 ADOLPHUS
714 329 904 365 LESSER,
929 329 987 362 Dr.
1009 331 1046 363 P.
1069 332 1106 363 P.
1129 330 1168 363 E.
1214 330 1389 362 Publice
1408 330 1433 363 Ι.
1477 331 1731 362 Exercitationes
1755 331 1913 363 cadavera
1935 333 2076 373 leyaliter

292 382 423 413 secandi
441 380 672 412 moderabitur
688 380 792 412 semel
808 391 870 423 per
887 380 988 412 hebd.
1039 382 1236 414 Privatim
1264 382 1306 414 ΙΙ.
1350 383 1541 414 Medicinam
1559 382 1725 422 sorensem
1759 381 1896 414 docebit
1919 382 1951 414 d.
1974 383 2073 415 Mart.
2130 390 2137 402 ”

292 435 325 463 et
349 431 432 464 Ven.
460 431 492 463 h.
518 431 593 464 XII.

442 481 590 515 IULIUS
621 482 786 520 BRUCK,
812 482 868 514 Dr.
921 483 1122 515 Privatim
1147 483 1169 516 1.
1223 485 1272 516 De
1301 484 1539 526 operationibus
1569 485 1788 516 odontiatricis
1817 489 1848 517 et
1874 486 1912 518 de
1942 496 2005 518 usu
2025 487 2073 518 in-

289 538 534 566 strumentorum
561 534 704 566 disseret
733 535 786 566 bis
817 545 878 576 per
900 534 1002 568 hebd.
1047 535 1088 567 11.
1132 536 1353 568 Policlinicum
1381 537 1626 567 odontiatricum
1654 535 1884 568 moderabitur
1910 537 2073 579 quotidie.

288 584 580 620 Privatissime
597 586 653 618 111.
691 586 827 618 Cursum
840 587 979 618 dentium
1002 597 1098 618 aureo
1122 587 1352 628 implendorum
1374 587 1528 619 instituet
1544 586 1708 629 quotidie.
1752 586 1811 620 IV.
1843 588 1978 620 Cursum
1993 589 2074 620 artis

290 637 454 669 dentariae
477 637 630 669 instituet
653 637 816 680 quotidie.

442 687 640 720 IACOBUS
665 687 943 729 GOTTSTEIN,
969 687 1024 721 Dr.
1072 688 1214 721 Gratis
1238 689 1260 720 Ι.
1285 690 1540 721 Exercitationes
1556 690 1773 730 diaynosticas
1796 693 1826 722 el
1843 690 2075 732 therapeuticas

289 740 327 770 de
350 739 469 771 morbis
493 741 607 781 oryani
630 741 758 772 auditus
786 739 926 771 habebit
949 739 1052 771 semel
1080 751 1140 782 per
1163 739 1264 773 hebd.
1288 740 1322 773 h.
1339 739 1405 773 def.
1450 740 1742 772 Privatissime
1758 741 1798 774 ΙΙ.
1821 742 2075 774 Exercitationes

287 790 527 831 rhinoscopicas
550 795 580 822 et
601 791 880 832 larynyoscopicas
901 792 1082 832 policlinice
1107 792 1288 824 morborum
1310 793 1394 828 nasi,
1414 792 1601 833 pharynyis,
1625 792 1767 833 larynyis
1789 793 1941 824 adiuncta
1962 791 2075 825 mode-

288 841 414 872 rabitur
438 841 490 872 bis
515 852 575 884 per
597 841 698 874 hebd.
723 841 756 874 h.
781 841 847 874 def.

439 892 682 925 ERNESTUS
707 892 969 929 FRAENKEL,
1005 892 1062 926 Dr.
1109 894 1255 926 Gratis
1280 894 1303 926 Ι.
1351 895 1587 935 Physioloyiam
1618 898 1647 927 et
1669 895 1886 937 patholoyiam
1908 896 2077 936 puerperii
2105 891 2107 894 ⁴

290 943 427 975 docebit
450 944 552 975 semel
576 955 637 986 per
660 943 760 975 hebd.
783 944 817 976 h.
842 944 908 977 def.
957 943 1152 976 Privatim
1176 944 1216 978 ΙΙ.
1272 945 1408 978 Cursum
1435 946 1676 987 yynaeeoloyiae
1701 946 1983 1021 propaedeutieum
2005 955 2076 979 oum

289 996 566 1028 exercitationibus
588 997 741 1037 practicis
765 995 907 1027 habebit
931 995 962 1027 d.
987 995 1085 1027 Mart.
1110 996 1180 1027 Iov.
1204 996 1290 1029 Ven.
1314 996 1347 1029 h.
1371 996 1411 1028 ΙΙ.

440 1046 644 1078 IOANNES
668 1045 924 1083 KOLACZEK,
951 1046 1008 1079 Dr.
1055 1047 1196 1079 Gratis
1225 1048 1248 1080 Ι.
1294 1049 1342 1080 De
1365 1048 1542 1080 tumoribus
1573 1049 1732 1080 adiunctis
1755 1017 2075 1081 demonstrationibus

287 1099 544 1140 microscopicis
550 1098 694 1130 disseret
717 1098 820 1129 semel
844 1109 904 1140 per
927 1098 1028 1131 hebd.
1052 1098 1084 1131 h.
1110 1098 1175 1131 def.
1220 1098 1261 1130 ΙΙ.
1307 1100 1356 1131 De
1385 1099 1602 1131 lucrationibus
1625 1110 1724 1142 agere
1749 1104 1867 1142 perget
1888 1099 1993 1132 semel
2015 1110 2076 1143 per

288 1148 389 1182 hebd.
413 1149 446 1180 h.
471 1149 536 1182 def.
592 1149 790 1181 Privatim
820 1150 875 1182 111.
921 1151 970 1182 De
993 1150 1231 1191 operationibus
1249 1151 1399 1192 plasticis
1430 1150 1574 1182 disseret
1597 1155 1647 1182 ter
1669 1161 1730 1192 per
1753 1149 1854 1183 hebd.
1877 1150 1911 1184 h.
1936 1150 2002 1184 def.

442 1199 729 1233 OTTOMARUS
746 1200 1041 1238 ROSENBACH,
1070 1201 1129 1233 Dr.
1175 1201 1316 1233 Gratis
1338 1202 1363 1233 1.
1411 1201 1607 1243 colloquium
1637 1203 1676 1234 de
1698 1202 1854 1244 capitibus
1871 1202 2074 1244 pacholoyiae

289 1255 317 1284 et
340 1252 503 1294 therapiae
525 1253 674 1294 specialis
698 1253 852 1285 instituet
870 1252 974 1284 semel
989 1263 1050 1295 per
1064 1252 1167 1285 hebd.
1211 1253 1251 1284 II.
1296 1254 1551 1285 Exercitationes
1569 1254 1785 1294 diaynosticas
1809 1252 1948 1286 habebit
1970 1254 2074 1286 semel

288 1314 350 1345 per
372 1303 474 1336 hebd.

439 1354 680 1387 ALFREDUS
705 1355 979 1392 BUCHWALD,
1004 1355 1063 1388 Dr.
1111 1355 1251 1387 Gratis
1274 1355 1299 1388 1.
1343 1357 1393 1388 De
1415 1356 1534 1388 morbis
1557 1366 1668 1388 renum
1691 1359 1720 1388 et
1741 1356 1780 1388 de
1801 1357 1974 1399 uroscopia
1995 1361 2074 1400 aget

287 1405 339 1437 bis
356 1416 417 1448 per
428 1406 530 1438 hebd.
565 1405 761 1438 Privatim
778 1406 819 1439 II.
855 1407 968 1449 Capita
984 1408 1098 1439 selecta
1116 1409 1267 1439 materiae
1279 1408 1419 1439 medicae
1431 1411 1459 1439 et
1474 1407 1637 1448 therapiae
1652 1407 1812 1439 tractabit
1833 1407 1885 1439 bis
1897 1417 1959 1450 per
1969 1407 2072 1442 hebd.

440 1457 667 1490 IOSEPHUS
703 1457 872 1494 IACOBI,
909 1459 965 1490 Dr.
1020 1457 1228 1490 Privatim.
1274 1459 1322 1491 De
1344 1459 1502 1490 medicina
1516 1460 1647 1498 sorensi
1670 1458 1823 1491 disseret.

440 1508 778 1541 MAXIMILIANUS
808 1509 1087 1542 BERNARDUS
1118 1509 1322 1550 FREUND,
1369 1510 1427 1542 Dr.
1479 1509 1620 1541 Gratis
1651 1509 1674 1542 Ι.
1723 1510 1942 1543 Paediatrices
1967 1511 2072 1552 capita

287 1562 400 1592 selecta
423 1559 534 1591 tradet
557 1560 661 1591 semel
687 1571 748 1602 per
774 1560 876 1593 hebd.
900 1560 932 1594 h.
956 1560 1021 1594 def.
1071 1560 1270 1593 Privatim
1293 1561 1334 1594 ΙΙ.
1382 1562 1428 1593 De
1456 1562 1673 1594 vaccinatione
1701 1572 1773 1593 cum
1795 1562 2072 1595 exercitationibus

283 1612 438 1653 practicis
462 1615 540 1654 aget
562 1611 665 1643 semel
688 1622 748 1654 per
771 1611 872 1645 hebd.
897 1611 929 1643 h.
955 1611 1020 1643 def.

439 1662 694 1694 TRAUGOTT
718 1662 920 1701 KRONER,
952 1663 1011 1696 Dr.
1061 1663 1200 1696 Gratis
1230 1664 1253 1696 Ι.
1291 1665 1546 1697 Exercitationes
1567 1665 1828 1705 yynaecaloyicas
1855 1665 2072 1706 diaynostieas

288 1713 428 1746 habebit
451 1714 483 1747 d.
503 1714 572 1746 Sat.
596 1714 630 1746 h.
645 1715 687 1746 11.
731 1716 773 1746 11.
818 1716 867 1747 De
884 1715 1070 1756 pantologia
1093 1719 1123 1747 et
1145 1716 1290 1757 therapio
1307 1716 1476 1757 puerperii
1498 1715 1642 1747 disseret
1666 1715 1697 1748 d.
1723 1715 1826 1748 Mero.
1850 1715 1884 1761 h.
1901 1713 1943 1748 V.

439 1765 720 1798 FRANCISCUS
750 1765 1029 1803 ROEHMANN,
1066 1767 1124 1799 Dr.
1173 1766 1370 1798 Privatim
1398 1766 1423 1798 Ι.
1471 1767 1631 1799 Chemiam
1659 1767 1912 1808 physioloyimm
1935 1766 2072 1799 docebit
2100 1764 2104 1766 ’

288 1817 320 1850 d.
335 1816 419 1849 Lun.
436 1817 507 1850 Iov.
523 1817 608 1850 Ven.
626 1817 658 1848 h.
676 1817 768 1849 V111.
814 1817 853 1850 ΙΙ.
898 1818 1153 1850 Exercitationes
1176 1818 1314 1851 chemiae
1331 1819 1495 1860 practicus
1518 1817 1658 1850 habebit
1681 1818 1713 1851 d.
1729 1817 1828 1850 Mart.
1845 1822 1879 1849 et
1889 1817 1994 1852 Mete.
2017 1817 2072 1850 vel

286 1868 317 1900 d.
341 1868 411 1899 Iov.
436 1873 469 1900 et
492 1870 574 1900 Ven.
600 1869 632 1901 h.
655 1870 712 1902 III.

439 1919 688 1952 ARNOLDUS
718 1919 900 1959 HILLER,
937 1919 994 1953 Dr.
1046 1920 1197 1953 Gratis.
1243 1922 1401 1962 Hyyienes
1429 1921 1580 1953 militaris
1607 1924 1732 1961 partem
1759 1922 1892 1952 alteram
1914 1920 2073 1953 tractabit

296 1971 348 2003 bis
372 1982 432 2014 per
454 1970 556 2004 hebd.
581 1971 613 2003 h.
638 1971 704 2003 def.

438 2022 646 2055 CAROLUS
670 2023 897 2060 PARTSCH,
925 2023 981 2056 Dr.
1028 2023 1170 2055 Gratis
1198 2023 1223 2055 Ι.
1268 2024 1317 2056 De
1340 2023 1556 2056 lunationibus
1587 2022 1732 2054 disseret
1760 2022 1863 2054 semel
1886 2033 1946 2065 per
1968 2022 2070 2056 hebd.

285 2073 480 2105 Privatim
503 2075 543 2106 11.
578 2075 814 2115 Desmoloyiam
836 2075 995 2106 tractabit
1010 2075 1113 2106 semel
1129 2086 1190 2117 per
1205 2074 1307 2107 hebd.
1352 2076 1408 2106 ΙΙΙ.
1438 2075 1691 2106 Ambulatorium
1713 2075 1927 2115 cbiruryicum
1949 2074 2073 2118 diriget

287 2126 450 2168 quotidie.
497 2125 554 2157 1V.
603 2125 716 2168 Capita
739 2127 854 2158 selecta
877 2127 1056 2166 chiruryiae
1079 2127 1220 2164 (morbos
1242 2127 1448 2158 mamillarum
1470 2129 1499 2158 et
1521 2127 1603 2163 oris)
1627 2125 1786 2157 tractabit
1808 2125 1860 2156 bis
1884 2136 1946 2168 per
1967 2125 2076 2164 hebd„

438 2176 665 2210 IOSEPHUS
690 2177 977 2215 SCHROETER,
1002 2177 1060 2209 Dr.
1107 2177 1248 2209 Gratis
1267 2178 1291 2210 Ι.
1330 2179 1379 2209 De
1401 2179 1515 2219 funyis
1539 2178 1707 2209 esculentis
1731 2181 1761 2209 et
1780 2178 1903 2209 nocivis
1926 2177 2072 2210 disseret

289 2229 392 2260 semel
420 2239 480 2270 per
507 2228 609 2260 hebd.
663 2228 861 2260 Privatim
894 2230 935 2261 11.
981 2230 1029 2261 De
1057 2230 1142 2261 ae‘m's
1172 2233 1201 2261 et
1227 2240 1329 2271 aquae
1357 2229 1564 2261 relationibus
1593 2229 1766 2269 byyienicis
1794 2227 1940 2261 disseret
1966 2228 2072 2261 semel

288 2291 349 2322 per
364 2279 464 2312 hebd.
502 2279 560 2312 ΙΙΙ.
590 2281 640 2312 De
654 2281 782 2321 funyis,
807 2281 919 2322 quibus
942 2281 1044 2312 morbi
1066 2281 1234 2312 herbarum
1257 2281 1414 2313 cultarum
1433 2281 1626 2320 efficiuntur,
1650 2279 1794 2311 disseret
1818 2279 1869 2311 bis
1892 2290 1954 2323 per
1967 2279 2070 2313 hebd.

290 2331 346 2364 1V.
391 2332 646 2363 Eoeercitationes
669 2333 712 2363 ad
733 2332 984 2372 investiyandos,
1009 2332 1274 2372 determinandas,
1297 2332 1444 2364 colendos
1458 2332 1582 2372 sunyos
1606 2331 1746 2363 habebit
1767 2330 1801 2364 h.
1825 2330 1892 2364 def.
2135 2346 2138 2379 3

440 2381 684 2414 GUSTAVUS
701 2382 927 2424 PLATNER,
952 2382 1010 2415 Dr.
1063 2382 1204 2414 Gratis
1220 2383 1245 2415 Ι.
1275 2384 1324 2415 De
1341 2383 1516 2414 evolutione
1539 2383 1718 2423 systematis
1742 2392 1894 2415 vasorum
1915 2381 2070 2416 disseret.
2132 2382 2138 2426 ξ

284 2433 478 2466 Privatim
501 2433 541 2465 11.
588 2434 636 2466 De
658 2435 820 2466 anatomia
842 2444 1036 2475 organorum
1059 2435 1245 2466 centralium
1267 2435 1446 2474 systematis
1468 2434 1597 2466 nervosi
1624 2438 1713 2476 aget.
