2138 2748
1133 251 1176 283 20

424 353 629 386 CAROLUS
647 353 903 390 WERNICKE,
928 354 986 386 Dr.
1002 355 1037 387 P.
1053 354 1088 387 P.
1105 354 1145 387 E.
1174 354 1369 386 Privatim
1390 354 1416 387 I.
1449 353 1600 385 Clinicum
1622 352 1801 384 morborum
1811 352 2032 393 psychicorum

273 410 301 438 et
334 407 508 446 systematis
540 415 709 437 nervorum
741 405 970 437 moderabitur
1003 406 1034 438 d.
1068 406 1172 438 Merc.
1203 410 1236 438 et
1265 406 1334 439 Sat.
1362 405 1396 438 h.
1423 406 1471 438 ΠΙ
1501 409 1534 436 et
1561 404 1619 436 IV.
1667 403 1956 435 Privatissime
1989 403 2031 435 11.

271 458 520 489 Eaeercitationes
537 457 699 498 practicae
722 458 900 489 anatomiae
922 461 951 489 et
967 457 1169 498 patholoyiae
1191 458 1311 490 cerebri
1331 461 1425 500 reget
1449 456 1480 489 d.
1503 456 1586 487 Lun.
1610 455 1708 488 Mart.
1730 454 1833 487 Mero.
1856 454 1928 488 Iov.
1944 453 2030 488 Vcn.

271 509 302 540 h.
321 507 518 540 VIH—XII.

422 566 681 611 GU1LELMUS
711 566 856 604 ROUX,
892 568 949 601 Dr.
971 568 1008 601 P.
1031 568 1067 601 P.
1089 568 1129 600 E.
1173 568 1339 600 Publice
1368 568 1393 600 Ι.
1438 569 1486 600 De
1511 568 1739 607 secundatione
1771 570 1801 599 et
1831 567 2032 607 yeneratione

275 618 418 651 disseret
442 618 544 650 semel
567 629 627 661 per
650 619 750 651 hebd.
773 619 807 652 h.
832 618 896 652 def.
941 619 1136 652 Privatim
1158 620 1199 653 11.
1245 620 1497 660 Embryoloyiam
1525 623 1553 651 et
1581 619 1781 651 mechanicen
1808 621 2031 659 ontoyeneceoe

272 670 408 702 docebit
430 670 482 702 bis
506 681 566 712 per
588 670 689 703 hebd.
733 670 1021 703 Privatissime
1044 671 1100 704 III.
1147 671 1281 704 &tr-sum
1310 671 1537 712 embryoloyiae
1561 671 1737 712 practicam
1764 669 1904 702 habebit
1930 668 2032 702 semel

269 732 330 764 per
340 721 441 753 hebd.
454 721 547 753 horis
560 721 656 755 binis.
679 722 965 754 Privatissime
979 727 1012 754 et
1023 723 1152 765 gratis
1164 723 1220 756 IV.
1243 723 1496 754 Eaeercitationes
1508 721 1747 763 embryoloyicas
1760 720 1857 753 offert
1869 720 2030 763 quotidie.

421 781 754 814 MAXIMILIANUS
778 782 982 819 WIENER,
1016 782 1074 815 Dr.
1102 782 1138 816 P.
1167 782 1202 815 P.
1232 782 1270 815 E.
1325 781 1500 814 Publice
1527 781 1552 814 I.
1596 782 1645 813 De
1677 781 1795 814 morbis
1825 782 2031 822 ,qv-avidam

270 833 413 865 disseret
429 833 530 864 semel
547 843 607 875 per
621 833 722 865 hebd.
739 833 771 866 h.
789 833 854 866 def.
892 833 1086 865 Privatim
1103 834 1143 867 11.
1184 833 1446 875 Gynaecoloyiam
1469 833 1605 865 docebit
1625 833 1678 865 bis
1700 843 1761 874 per
1782 831 1884 864 hebd.
1906 831 1940 865 h.
1963 831 2030 866 def.

421 892 663 925 ADOLPHUS
687 893 870 930 LESSER,
894 893 952 926 Dr.
975 895 1011 926 P.
1034 895 1071 927 P.
1093 893 1133 926 E.
1177 893 1350 925 Publice
1370 893 1395 926 Ι.
1437 894 1690 925 Exercitationes
1713 893 1870 925 cadavera
1891 892 2032 933 legaliter

269 946 399 978 secandi
416 944 645 976 moderabitur
661 944 763 976 semel
774 955 835 987 per
846 944 947 976 hebd.
961 945 992 976 h.
1007 944 1072 978 def.
1094 945 1289 977 Privatim
1301 945 1343 977 11.
1363 945 1552 977 Medicinam
1559 946 1724 984 sorensem
1739 943 1876 975 docebit
1887 942 1919 974 d.
1931 942 2030 976 Mart.

269 1000 302 1028 et
319 996 402 1028 Ven.
425 996 457 1027 h.
481 997 554 1029 XII.

419 1055 703 1088 OTTOMARUS
726 1055 1012 1093 ROSENBACH,
1036 1056 1095 1089 Dr.
1110 1057 1147 1089 P.
1162 1056 1198 1089 P.
1214 1056 1254 1089 E.
1290 1055 1463 1087 Publice
1485 1056 1512 1089 Ι.
1547 1056 1801 1088 Exercitationes
1815 1055 2030 1096 diaynoeticas

267 1106 420 1139 instituet
448 1107 550 1139 semel
584 1118 644 1149 per
666 1107 768 1140 hebd.
812 1108 1008 1140 Privatim
1031 1108 1073 1140 11.
1117 1108 1279 1141 Methodos
1313 1108 1500 1150 explorandi
1527 1107 1707 1149 physicales
1741 1106 1849 1139 dictas
1883 1110 2031 1149 exponet

267 1158 319 1189 bis
342 1169 403 1200 per
425 1158 526 1191 hebd.

421 1208 568 1242 IULIUS
592 1209 755 1247 BRUCK,
779 1209 837 1242 Dr.
882 1209 1083 1242 Privatim
1106 1210 1130 1244 1.
1173 1211 1391 1252 Patholoyiam
1413 1216 1441 1243 et
1463 1211 1639 1252 therapiam
1663 1211 1831 1252 specialem
1851 1210 2031 1244 morborum

267 1262 405 1293 dentium
434 1261 571 1293 docebit
598 1261 650 1293 bis
679 1272 739 1303 per
761 1261 862 1294 hebd.
885 1261 919 1294 h.
943 1261 1010 1294 def.
1053 1261 1094 1294 11.
1138 1263 1342 1294 Policlinicen
1364 1263 1605 1294 odontiatricam
1626 1260 1856 1294 moderabitur
1877 1261 2031 1306 quotidie

268 1311 300 1345 h.
318 1311 383 1345 def.
416 1312 706 1344 Privatissime
721 1312 778 1344 111.
805 1312 939 1345 Cursum
951 1314 1090 1346 dentium
1105 1324 1184 1347 auro
1200 1314 1430 1356 implendorum
1451 1313 1603 1345 instituet
1619 1312 1780 1355 quotidie.
1813 1312 1870 1346 IV.
1895 1313 2031 1350 Ouo-sum

267 1365 346 1396 artis
369 1365 532 1396 dentariae
553 1363 706 1396 instituet
728 1364 890 1407 quotidie.
1665 1382 1669 1386 ·

417 1424 613 1457 IACOBUS
638 1424 914 1467 GOTTSTEIN,
935 1425 993 1459 Dr.
1029 1425 1170 1458 Gratis
1194 1425 1217 1456 Ι.
1247 1426 1498 1457 Exercitationes
1513 1426 1728 1466 diaynosticas
1750 1428 1780 1458 et
1800 1425 2030 1467 therapeutica-5

268 1477 305 1507 de
327 1475 445 1508 morbis
469 1477 583 1517 oryani
605 1478 732 1509 auditas
755 1477 895 1509 habebit
917 1477 1019 1509 semel
1041 1488 1102 1520 per
1123 1476 1224 1510 hebd.
1248 1476 1281 1509 h.
1299 1475 1364 1509 def.
1408 1476 1695 1508 Privatissime
1710 1476 1750 1509 11.
1779 1477 2030 1510 Exercitationes

266 1528 503 1568 rhinoscopicas
527 1531 556 1559 et
576 1528 853 1570 larynyoscopicas
871 1529 1053 1570 policlim'co
1075 1529 1255 1562 morborum
1273 1530 1355 1566 nasi,
1375 1528 1561 1570 pharynyis,
1584 1528 1725 1569 larynyis
1748 1529 1895 1561 adiimcto
1917 1527 2030 1561 mode-

266 1578 393 1611 rabitur
416 1579 467 1610 bis
491 1589 550 1621 per
573 1579 673 1612 hebd.
697 1579 730 1611 h.
754 1579 820 1612 def.

415 1638 657 1672 ERNESTUS
673 1639 928 1678 FRAENKEL,
952 1640 1010 1673 Dr.
1046 1640 1075 1672 G
1085 1641 1191 1673 ratis
1208 1641 1231 1675 Ι.
1266 1642 1314 1674 De
1324 1642 1525 1683 physioloyia
1535 1646 1651 1683 partus
1667 1646 1696 1674 et
1707 1643 1872 1684 puerperii
1887 1641 2031 1675 disseret

268 1690 369 1721 semel
399 1701 459 1732 per
482 1691 581 1723 hebd.
604 1691 637 1724 h.
662 1691 727 1724 def.
772 1691 967 1724 Privatim
994 1692 1036 1725 11.
1083 1692 1218 1726 Carsium
1244 1693 1484 1735 yynaecoloyiae
1506 1694 1785 1735 propaedeuticum
1814 1695 2028 1738 σωκ-θωπεί-

269 1743 438 1775 lotionibus
458 1744 610 1784 practicis
633 1743 772 1775 habebit
795 1744 827 1775 d.
851 1744 948 1776 Mart.
972 1744 1042 1777 Iov.
1060 1744 1144 1778 Ven.
1168 1745 1201 1778 h.
1224 1745 1265 1778 11.

416 1802 618 1835 IOANNES
647 1803 909 1842 KOLACZEK,
939 1805 997 1838 Dr.
1043 1804 1184 1837 Gratis
1213 1805 1237 1838 Ι.
1285 1805 1478 1846 Οοῑῑοφιίωη
1506 1804 1717 1845 chimryicum
1744 1805 1898 1837 instituet
1926 1805 2030 1838 semel

267 1864 326 1895 per
347 1854 448 1887 hebd.
472 1855 504 1886 h.
527 1855 592 1888 def.
637 1855 832 1888 Privatim
855 1857 895 1889 H.
941 1857 989 1888 De
1017 1857 1252 1898 operationibus
1275 1857 1422 1898 plasticis
1450 1855 1594 1887 disseret
1621 1860 1672 1887 ter
1699 1866 1760 1898 per
1780 1856 1882 1888 hebd.
1905 1856 1940 1890 h.
1962 1855 2028 1890 def.

416 1914 651 1947 ALFREDUS
686 1916 958 1953 BUCHWALD,
993 1916 1052 1949 Dr.
1098 1916 1237 1948 Gratis
1270 1916 1295 1949 1.
1339 1917 1389 1948 De
1423 1916 1541 1949 morbis
1576 1927 1691 1948 renum
1719 1920 1750 1948 et
1785 1918 1823 1949 de
1858 1918 2029 1959 uroscopia

266 1965 407 1997 disseret
431 1966 534 1997 semel
556 1978 616 2009 per
639 1967 739 2000 hebd.
783 1967 980 2000 Privatim
1002 1967 1043 2000 II.
1083 1967 1195 2010 Capita
1217 1969 1331 2000 selecta
1353 1968 1514 2009 therapiae
1537 1971 1565 2000 et
1585 1970 1737 2000 materiae
1758 1969 1897 2002 medicae
1918 1967 2029 2001 tradet

265 2017 317 2048 bls
341 2027 400 2059 per
417 2017 641 2101 llgggPHUS
657 2069 820 2107 IACOBI,
841 2071 898 2103 Dr.
931 2070 1103 2102 Publice
1125 2072 1149 2103 Ι.
1183 2072 1231 2103 De
1248 2072 1387 2112 pestium
1404 2071 1598 2113 prophylaoei
1619 2075 1698 2115 aget
1719 2071 1821 2103 semel
1843 2082 1905 2114 per
1925 2071 2027 2106 hebd.

265 2119 459 2152 Privatim
482 2121 522 2152 Π.
565 2121 756 2154 Medicinam
769 2123 935 2162 sorensem
958 2122 1096 2154 docebit
1117 2122 1169 2154 bis
1191 2133 1252 2164 per
1274 2122 1375 2155 hebd.
1398 2121 1432 2154 h.
1456 2121 1522 2155 def.

417 2180 751 2214 MAXIMILIANUS
781 2181 1057 2215 BERNARDUS
1087 2182 1290 2223 FREUND,
1324 2183 1382 2216 Dr.
1434 2182 1574 2215 Gratis
1607 2183 1631 2215 Ι.
1674 2184 1890 2216 Paedialrices
1922 2185 2028 2226 cap-‘ta

265 2231 378 2263 selecta
405 2232 516 2263 tradet
539 2233 642 2264 semel
665 2243 726 2275 per
748 2233 848 2267 hebd.
886 2233 1084 2266 Privatim
1106 2234 1147 2267 11.
1182 2236 1230 2267 De
1251 2235 1467 2267 vaccinatione
1489 2244 1560 2266 cum
1581 2235 1856 2267 exercitationibus
1873 2236 2028 2278 practicis

266 2287 342 2325 aget
364 2283 466 2314 semel
490 2294 549 2325 per
571 2283 672 2317 hebd.

416 2343 668 2376 TRAUGOTT
691 2344 891 2383 KRONER,
917 2345 975 2378 Dr.
1021 2345 1169 2377 Gratis.
1214 2347 1262 2378 De
1280 2347 1463 2388 patholoyia
1485 2350 1514 2378 et
1535 2347 1679 2388 therapio
1695 2347 1863 2388 puerperii
1885 2340 2027 2380 disseret

267 2394 369 2425 semel
392 2405 452 2436 per
475 2395 575 2428 hebd.
598 2396 632 2428 h.
656 2396 721 2429 def.

417 2445 693 2480 FRANCISCUS
723 2447 994 2485 ROEHMANN,
1025 2448 1083 2481 Dr.
1133 2448 1328 2481 Privatim
1356 2449 1382 2481 I.
1428 2449 1586 2481 Chemiam
1613 2450 1864 2491 physioloyicam
1891 2448 2028 2482 docebit

267 2495 299 2529 d.
335 2497 419 2531 Lun.
455 2497 524 2533 Iov.
554 2499 636 2532 Ven.
674 2499 706 2532 h.
738 2499 811 2531 VII.
869 2500 910 2531 ΙΙ.
965 2501 1216 2532 Emer-citationes
1254 2500 1390 2533 chemiae
1421 2501 1584 2542 practicae
1621 2502 1655 2532 in
1689 2511 1783 2532 usum
1819 2510 1936 2542 comm,
1973 2501 2028 2542 qui
