2138 2748
289 262 329 293 40

439 347 572 379 FELIX
604 347 869 383 AUERBACH,
902 347 960 380 Dr.
1004 347 1200 378 Privatim
1234 348 1259 379 Ι.
1312 347 1478 378 Theoriam
1506 347 1701 379 elastieitatis
1730 351 1879 389 exponet
1911 351 1962 379 ter
1994 356 2055 389 per

289 399 390 431 hebd.
433 400 474 431 H.
518 400 770 431 Exercitationes
793 399 957 440 practicus
983 409 1051 430 una
1079 409 1153 429 cum
1184 397 1223 431 O.
1248 398 1287 430 E.
1309 398 1427 440 Meyer
1450 397 1485 430 P.
1508 397 1544 430 P.
1569 397 1609 430 Ο.
1633 402 1666 430 et
1687 398 1723 430 L.
1746 398 1876 430 Weber
1897 398 1934 431 Ρ.
1955 397 1992 430 Ρ.
2013 397 2054 431 Ε.

289 449 518 482 moderabitur
539 450 591 481 bis
615 461 676 492 per
698 449 798 481 hebd.
822 449 854 482 h.
877 449 978 481 X—I.

443 501 674 533 GEORGIUS
697 500 941 538 WISSOWA,
965 500 1023 534 Dr.
1078 500 1274 533 Privatim
1296 500 1320 532 I.
1364 500 1580 532 Romanorum
1601 502 1783 541 reliyionem
1805 504 1834 533 et
1855 501 2057 542 antiquitates

290 564 401 585 sacras
418 553 585 585 enarrabit
601 553 632 586 d.
649 549 731 586 Lun.
747 553 845 584 Mart.
861 554 932 584 Iov.
947 552 1030 584 Ven.
1047 551 1079 585 h.
1096 551 1154 583 IX.
1183 552 1224 584 H.
1257 551 1562 592 Privatissime,
1586 551 1655 583 sed
1672 551 1802 594 gratis
1818 551 1858 584 11.
1892 552 2056 584 Exercita-

290 607 389 637 tiones
399 605 608 647 philoloyicas
627 604 794 636 moderari
817 608 936 647 perget
958 603 1044 635 binis
1067 614 1128 646 per
1149 602 1250 635 hebd.
1274 603 1307 635 h.

440 656 717 689 BERNARDUS
746 655 985 696 KOSMANN‚
1015 655 1071 687 Dr.
1113 654 1290 686 Publice
1325 655 1349 686 I.
1396 654 1566 685 Fossilium
1594 654 1735 694 utilium,
1764 664 1844 696 quae
1871 654 1906 685 in
1941 652 2058 686 Silesia

290 710 454 750 superiore
481 710 670 750 yiynuntur,
704 711 902 750 conspectum
931 707 1025 738 dabit
1052 706 1105 737 bis
1128 716 1189 748 per
1212 705 1312 738 hebd.
1335 705 1368 737 h.
1393 704 1458 737 def.
1502 705 1701 736 Privatim
1723 706 1764 737 H.
1819 705 1868 736 De
1901 705 2058 737 elementis

290 761 449 801 yeoloyiae
487 760 640 792 chemicae
670 759 813 791 disseret
842 762 962 801 quater
989 768 1050 800 per
1079 757 1179 790 hebd.
1209 757 1242 789 h.
1267 756 1332 789 def.
1391 756 1681 787 Privatissime
1704 757 1760 788 [H.
1806 757 2058 789 Exercitationes

290 813 324 843 in
354 812 479 852 analysi
507 812 707 843 mineralium
731 811 915 853 qualitativa
944 814 972 841 et
1001 810 1206 851 quantitativa
1234 808 1464 839 moderabitur
1487 807 1598 850 quinis
1621 807 1791 850 prioribus
1814 806 1916 839 hebd.
1940 807 2060 839 diebus

290 862 323 896 h.
337 863 437 895 X·-I.
450 867 537 903 mat„
550 863 696 896 HI—VI.
713 861 875 904 pomerid.
893 861 926 892 in
938 860 1144 892 laboratorio
1159 860 1309 891 chemico
1322 859 1460 901 proprio
1474 858 2059 902 (SchweidnitzerStadtgraben13).

443 913 567 945 OTTO
604 913 802 949 STAUDE,
839 912 894 945 Dr.
939 913 1145 944 Privatim.
1196 912 1362 944 Theoriam
1387 911 1590 951 sanctionum
1619 912 1828 952 ellipticarum
1857 914 2004 953 exponet
2026 909 2058 943 d.

292 966 375 997 Lun.
399 965 496 997 Mart.
519 966 591 997 Iov.
615 964 699 997 Ven.
724 965 755 997 h.
781 964 854 996 XII.

442 1015 648 1048 FRANCUS
688 1015 922 1052 SCHWARZ,
956 1015 1016 1048 Dr.
1076 1013 1218 1046 Gratis
1246 1013 1272 1046 Ι.
1327 1014 1497 1046 Theoriam
1530 1014 1774 1045 Dorwinianam
1808 1013 1992 1056 explicabit
2027 1012 2060 1046 d.

291 1068 376 1100 Ven.
400 1067 433 1100 h.
457 1067 515 1100 VI.
559 1069 599 1100 H.
647 1068 842 1110 Colloquium
864 1068 1040 1099 botanicum
1070 1077 1137 1098 una
1160 1076 1233 1097 cum
1257 1065 1293 1097 F.
1318 1064 1414 1097 Cohn
1437 1064 1473 1097 P.
1495 1065 1534 1097 P.
1558 1063 1598 1097 O.
1621 1064 1774 1096 instituet
1797 1065 1830 1097 d.
1851 1065 1923 1098 Iov.
1945 1064 1978 1097 h.
2002 1063 2060 1097 VI.

291 1119 491 1151 Privatim
514 1119 571 1152 III.
616 1120 814 1152 Anatomiam
825 1120 1011 1160 plantarum
1029 1122 1057 1150 et
1073 1118 1306 1159 physiologiam
1325 1117 1509 1148 nutritionis
1532 1115 1668 1148 docebit
1685 1120 1735 1147 ter
1753 1126 1813 1158 per
1828 1115 1930 1148 hebd.
1946 1115 1978 1148 h.
1992 1114 2058 1148 def.

443 1170 714 1203 LEOPOLDUS
745 1170 887 1207 COHN,
917 1170 975 1203 Dr.
1021 1170 1217 1202 Commeatu
1239 1168 1417 1210 impetrato
1441 1166 1580 1198 scholas
1602 1178 1670 1198 non
1694 1167 1842 1199 habebit.

444 1222 661 1255 AEMILIUS
690 1222 862 1264 ROHDE,
897 1222 956 1255 Dr.
1002 1221 1142 1254 Gratis
1166 1220 1190 1252 Ι.
1237 1220 1351 1261 Capita
1379 1219 1494 1250 selecta
1522 1219 1675 1260 bioloyiae
1697 1219 1882 1250 animalium
1904 1216 2062 1249 tractabit

293 1274 396 1306 semel
418 1285 479 1317 per
501 1273 601 1306 hebd.
625 1274 658 1307 h.
683 1274 748 1307 def.
793 1274 992 1305 Privatim
1015 1274 1055 1305 H.
1100 1273 1264 1304 Elementa
1293 1271 1478 1311 histoloyiae
1507 1271 1738 1311 comparativae
1767 1269 1904 1301 docebit
1925 1269 1978 1300 bis
2001 1279 2062 1311 per

291 1326 392 1359 hebd.
416 1326 448 1357 h.
474 1325 539 1357 def.

446 1377 772 1409 FERDINANDUS
809 1376 910 1413 PAX,
944 1375 1004 1408 Dr.
1058 1375 1233 1407 Publice
1262 1375 1287 1406 I.
1339 1373 1516 1405 Historiam
1545 1373 1731 1414 plantarum
1763 1373 1919 1404 cultarum
1950 1370 2063 1404 tradet

296 1429 398 1461 semel
421 1439 480 1471 per
502 1429 603 1462 hebd.
628 1428 660 1461 h.
684 1428 741 1461 Vl.
785 1427 980 1459 Privatim
1007 1427 1047 1459 11.
1102 1425 1415 1467 Phytopatholoyiam
1444 1423 1580 1455 docebit
1608 1423 1696 1455 binis
1726 1434 1786 1466 per
1813 1423 1915 1455 hebd.
1938 1423 1972 1456 h.
1995 1421 2061 1456 def.

445 1531 756 1564 BERNHARDUS
780 1530 947 1563 BEYER.
983 1529 1123 1562 Gratis
1146 1530 1170 1561 I.
1224 1529 1270 1560 De
1293 1528 1503 1560 architectura
1525 1528 1690 1560 rusticana
1713 1526 1857 1558 disseret
1878 1526 1981 1558 semel
2002 1536 2063 1568 per

288 1578 392 1617 hebd.
436 1584 635 1616 Privatim
658 1584 704 1616 H.
748 1585 797 1615 De
825 1583 1035 1615 architectura
1049 1581 1215 1613 rusticana
1236 1580 1434 1621 hydraulica,
1452 1579 1626 1620 praecipue
1641 1580 1679 1610 de
1697 1579 1891 1611 derivatione
1907 1588 2063 1620 aquarum

288 1647 348 1678 per
378 1637 470 1668 tubos
498 1636 733 1675 subterraneos,
762 1636 799 1667 de
827 1634 1015 1675 irriyatione
1038 1636 1208 1674 pratorum
1237 1635 1266 1663 et
1293 1632 1331 1663 de
1360 1640 1509 1671 ayyerum
1537 1631 1757 1671 eaestructione,
1781 1631 1819 1662 de
1841 1639 2064 1662 mensurarum

292 1689 415 1720 ratione
439 1691 467 1720 et
490 1687 655 1718 libratione
679 1686 822 1717 disseret
844 1685 897 1716 bis
921 1696 981 1727 per
1004 1683 1104 1716 hebd.

445 1737 695 1770 EDUARDUS
722 1736 920 1769 KAYSER.
974 1735 1115 1768 Gratis
1144 1735 1169 1766 Ι.
1213 1735 1261 1766 De
1291 1734 1446 1765 silvarum
1480 1734 1806 1765 administrandarum
1828 1733 1952 1764 ratione
1969 1741 2063 1774 prae-

287 1792 380 1831 fatus
407 1792 445 1823 de
475 1790 642 1822 arboribus
676 1791 830 1822 silvarum
860 1789 1122 1821 Germanicarum
1152 1785 1295 1817 disseret
1325 1785 1376 1817 bis
1405 1795 1466 1827 per
1494 1784 1594 1817 hebd.
1623 1783 1656 1816 h.
1686 1783 1751 1816 def.
1802 1782 2000 1815 Privatim
2020 1782 2061 1815 Π.

294 1843 455 1875 Silvarum
478 1843 593 1874 cultum
617 1841 775 1873 tractabit
798 1840 900 1872 semel
924 1850 983 1882 per
999 1838 1099 1871 hebd.
1124 1837 1156 1871 h.
1174 1836 1240 1870 def.

448 1891 756 1925 BERTHOLDUS
781 1891 926 1923 STEIN.
973 1890 1124 1922 Gratis.
1165 1888 1415 1921 Horticulturam
1444 1888 1673 1920 oeconomicam
1707 1885 1844 1917 docebit
1871 1885 1974 1917 semel
2003 1895 2063 1927 per

295 1945 395 1977 hebd.
420 1944 452 1978 d.
474 1945 544 1977 Iov.
568 1944 602 1977 h.
625 1944 673 1976 III
696 1948 729 1975 et
751 1943 810 1976 IV.

823 2154 1128 2200 LECTORES
1161 2153 1524 2202 LINGUARUM.

450 2323 655 2357 CAROLUS
684 2321 954 2354 FREYMOND.
1004 2319 1178 2352 Publice
1200 2320 1224 2351 I.
1282 2319 1330 2350 De
1358 2318 1505 2359 operibus
1533 2317 1666 2349 Ioannis
1694 2315 1802 2348 Iaeobi
1831 2316 1996 2348 Rousseau
2025 2325 2064 2347 ac

296 2378 455 2410 Diderotii
482 2380 511 2409 et
543 2377 582 2408 de
610 2374 865 2415 Encyclopaedia
894 2372 1036 2404 disseret
1067 2370 1168 2403 semel
1202 2381 1262 2412 per
1296 2369 1397 2401 hebd.
1427 2368 1460 2401 h.
1491 2368 1556 2400 def.
1600 2367 1798 2399 Privatim
1825 2367 1866 2399 ΙΙ.
1913 2365 2063 2407 Syntaoeis

299 2429 558 2469 Francoyallicae
581 2438 650 2459 eam
667 2429 804 2468 partem,
827 2427 862 2457 in
884 2435 946 2466 qua
972 2425 1010 2455 de
1032 2423 1164 2455 articulo
1189 2426 1217 2453 et
1240 2423 1277 2454 de
1300 2421 1453 2461 adjectivo
1477 2420 1592 2460 ayitur,
1616 2430 1686 2451 cum
1701 2417 1976 2451 emer-citationibus
2000 2417 2062 2449 do-

300 2480 388 2513 cebit
411 2480 463 2511 bis
487 2489 548 2521 per
578 2477 679 2509 hebd.
703 2477 735 2509 h.
763 2477 827 2508 def.
872 2474 1159 2507 Privatissime
1182 2473 1238 2505 111.
1283 2471 1378 2503 Libro
1401 2472 1437 2503 P.
1460 2472 1494 2503 L.
1519 2471 1627 2503 Iacobi
1647 2471 1682 2502 in
1709 2469 1864 2510 „Recueil
1883 2469 1922 2501 de
1943 2470 2063 2502 Farces
