2138 2748
1129 211 1169 242 10

258 327 299 349 ex
320 317 422 359 ipsius
445 316 576 356 linguae
599 314 771 348 latitudine
787 314 982 347 vocabulum
997 316 1174 357 sumpsisse
1189 310 1319 355 ferunt’,
1343 314 1477 356 quinon
1499 314 1596 347 aliter
1615 314 1741 347 initium
1755 314 1844 348 illins
1858 314 2039 348 sententiae

257 368 385 401 videtur
401 367 535 408 legisse,
559 370 656 407 atque
671 366 721 398 his
737 366 855 398 similia
870 366 1007 408 praebet
1029 365 1225 405 Gainfredus
1241 377 1261 399 a
1276 366 1362 398 Maio
1379 365 1409 398 h.
1425 366 1447 398 l.
1463 366 1593 398 allatus.
1630 366 1753 399 Notatu
1775 370 1884 399 tamen
1906 366 2039 408 dignum

259 423 308 452 est
329 429 387 461 pro
410 414 544 450 ‘autem’
569 416 600 448 A
627 417 673 448 ibi
696 417 850 449 exhibere
872 413 952 459 (ηδ’,
981 417 1068 458 quod
1096 417 1223 458 Virgilii
1252 417 1436 459 opinionem
1464 417 1540 450 inde
1562 428 1583 450 a
1605 417 1715 450 limine
1743 417 1886 451 dilucide
1907 418 2040 460 exponit

259 473 291 503 et
325 469 367 502 ad
401 469 501 502 verba
532 469 679 511 proxime
710 468 879 509 sequentia
913 467 1019 509 ‘quasi
1047 469 1102 510 qui
1135 469 1238 511 ipsius
1268 469 1400 510 linguae
1436 471 1549 501 auctor
1583 468 1768 511 exstiterit’,
1797 471 1830 502 et
1867 469 1940 512 ipsa
1972 469 2040 502 fere

259 521 465 563 negationem
488 521 710 561 insequentem
733 520 798 552 iam
820 519 1010 562 indicantia,
1034 521 1155 563 optime
1178 520 1327 562 quadrat.
1371 521 1496 553 Tamen
1511 522 1624 553 contra
1639 529 1830 553 consensum
1846 523 1879 553 et
1893 519 2040 554 codicum

262 572 333 606 ΡΝ
352 576 384 605 et
406 572 581 604 Clementis
603 575 700 612 atque
723 571 893 604 Gainfredi
916 571 998 604 illud
1021 568 1112 604 ‘non'
1136 572 1362 605 commendare
1391 582 1454 604 non
1477 570 1593 604 audeo.

267 665 270 669 γ
411 623 533 661 Quodsi
564 633 605 655 ne
633 623 694 656 hoc
722 622 852 664 quidem
874 623 946 656 loco
973 634 994 655 a
1023 623 1094 656 cod.
1121 622 1152 655 A
1178 624 1296 656 iustam
1325 623 1517 666 scripturam
1546 626 1708 656 servatam
1737 633 1810 656 esse
1837 623 2040 666 crediderim,

261 676 310 708 bis
333 679 442 707 tamen
469 684 528 717 per
550 684 673 717 paucas
696 674 755 706 has
784 674 923 716 paginas
953 684 1035 707 unus
1064 684 1136 707 eam
1163 674 1290 707 videtur
1319 675 1475 707 obtinere.
1520 673 1661 712 Quorum
1690 675 1835 707 locorum
1857 675 1940 708 alter
1961 684 2042 708 sane

261 728 307 759 ita
330 729 536 768 comparatus
567 729 625 767 est,
655 728 690 757 ut
719 725 816 758 etiam
846 725 915 758 sine
943 726 1012 758 eius
1041 725 1162 758 codicis
1191 735 1252 768 ope
1274 727 1360 758 iusta
1388 726 1549 768 scriptura
1570 725 1730 758 neminem
1752 726 1864 767 fugere
1885 725 2041 768 potuerit:

260 779 291 811 in
316 789 353 810 eo
376 778 501 810 scilicet
528 778 614 819 loco,
639 787 734 818 quem
756 777 855 819 paulo
879 780 976 809 antea
1005 776 1248 819 descripsimus,
1278 780 1421 810 extremo
1444 776 1562 809 dicitur
1584 780 1743 819 constare,
1767 777 1962 810 latinitatem
1985 775 2040 811 ‘ex

261 829 432 862 latitudine
460 829 562 871 ipsius
591 828 723 870 linguae
751 828 852 860 fuisse
879 827 1082 867 dirivatam’3
1115 828 1162 861 sic
1191 831 1223 860 et
1250 828 1355 860 Maius
1384 831 1416 860 et
1444 828 1623 861 Huemerus
1649 829 1747 861 scribi
1779 828 1957 870 iusserunt,
1985 828 2042 862 ille

263 881 375 914 codice
405 880 444 912 N
471 890 559 921 usus,
588 880 641 920 qui
674 876 905 912 ‘latitudinem'
936 880 1087 921 praebet,
1116 879 1169 912 hic
1195 882 1366 922 praeterea
1395 879 1466 912 cod.
1495 879 1536 921 P,
1565 880 1620 920 qni
1648 883 1780 922 propter
1812 879 2044 922 praecedentia

261 929 405 965 ‘latinus'
438 934 469 963 et
495 929 714 963 ‘latinitatem’
745 931 830 963 iusta
852 931 1004 963 vocabuli
1033 931 1182 963 clausula
1209 934 1340 963 servata
1371 930 1502 963 exhibet
1526 929 1812 972 ‘latinitatudine'3
1840 931 1926 972 quod
1947 931 2001 964 hic
2022 942 2043 964 a

263 983 333 1016 cod.
356 982 386 1015 A
409 986 498 1015 recta
521 982 681 1025 scriptura
698 978 895 1014 ‘latitudine’
920 981 1089 1014 exhibetur
1111 992 1191 1014 sane
1213 982 1352 1024 pretium
1375 982 1443 1014 eius
1465 982 1553 1015 haud
1575 993 1772 1025 magnopere
1794 986 1911 1024 augea

416 1035 507 1066 Alter
530 1038 637 1066 tamen
660 1034 751 1066 locus
767 1035 811 1076 (p.
827 1034 893 1075 4,4)
917 1033 1059 1066 nondum
1082 1036 1216 1066 sanatus
1235 1043 1294 1076 per
1313 1034 1442 1066 unicum
1465 1033 1536 1067 cod.
1559 1033 1590 1065 A
1605 1034 1778 1067 instaurari
1800 1037 1916 1077 potest.
1959 1034 2044 1068 Nam

263 1086 349 1127 quod
372 1086 551 1118 Huemerus
575 1096 614 1118 ex
638 1085 823 1117 coniectura
847 1084 963 1117 edidit:
988 1082 1096 1117 ‘huius
1119 1085 1230 1126 itaque
1252 1085 1433 1127 sapientiae
1455 1085 1608 1128 parilia
1630 1085 1669 1117 in
1692 1085 1845 1118 homine
1867 1084 2044 1119 similitudo

265 1138 513 1179 demonstratur,
537 1138 591 1178 qui
607 1138 749 1179 plastum
770 1137 901 1168 telleum
925 1136 1099 1177 afflamque
1121 1136 1221 1169 habet
1243 1137 1394 1170 aetream'
1417 1137 1555 1179 omnino,
1579 1137 1666 1178 quod
1688 1137 1800 1178 sciam,
1823 1137 2043 1179 fundamento,

263 1192 298 1227 ut
320 1189 366 1221 ita
389 1188 505 1230 dicam,
529 1188 702 1230 lexilogico
726 1191 825 1229 caret,
848 1187 925 1219 Maii
949 1191 1056 1220 autem
1080 1188 1279 1220 coniectura:
1308 1198 1378 1230 per
1406 1188 1521 1221 illum
1549 1189 1741 1221 hominem
1770 1189 1824 1221 vix
1852 1189 1952 1222 habet
1979 1198 2042 1230 quo

264 1244 351 1272 recte
379 1240 551 1279 referatur3
583 1239 645 1281 ipsi
676 1238 805 1271 codices
834 1238 941 1271 adhuc
971 1238 1108 1271 adhibiti
1136 1238 1212 1281 ΡΝ,
1236 1245 1271 1272 ut
1299 1240 1364 1271 iam
1387 1239 1563 1272 indicatum
1587 1243 1646 1282 est,
1669 1240 1767 1282 plane
1790 1240 1946 1282 corrupti:
1974 1249 2045 1283 per

263 1292 340 1324 illa
357 1292 395 1323 in
414 1291 571 1323 homine
594 1290 628 1322 P
647 1290 797 1332 perilla
820 1290 975 1322 homine
998 1290 1047 1331 N3
1071 1291 1244 1332 legendum
1267 1294 1354 1323 certe
1377 1294 1426 1323 est
1447 1301 1519 1324 cum
1541 1291 1586 1324 A:
1605 1288 1710 1324 ‘cuius
1732 1291 1842 1333 itaque
1864 1290 2046 1334 sapientiae

263 1343 423 1385 pericia
445 1342 483 1374 in
507 1342 662 1374 homine
685 1341 861 1374 similitudo
885 1339 1135 1374 demonstratur’
1160 1346 1230 1384 etc„
1247 1342 1341 1375 sicuti
1356 1342 1442 1375 idem
1458 1343 1650 1376 vocabulum
1667 1343 1765 1385 paulo
1780 1346 1864 1385 post,
1880 1340 2046 1375 codicibus

265 1395 380 1427 eadem
405 1393 566 1427 scribendi
590 1394 715 1426 ratione
744 1393 917 1434 utentibus,
947 1394 1107 1426 invenitur
1132 1394 1200 1435 (lin.
1224 1394 1273 1435 17)
1291 1393 1352 1427 ‘ita
1378 1394 1556 1426 defendunt
1576 1395 1732 1437 periciam
1756 1390 2046 1437 filosophorum’*).

416 1446 485 1477 Iam
507 1445 606 1487 igitur
628 1444 824 1487 sperandum
848 1448 907 1486 est,
936 1445 1082 1478 codicem
1110 1444 1141 1476 A
1163 1445 1290 1487 plenius
1313 1445 1389 1478 olim
1413 1446 1602 1478 exhaustum
1636 1456 1700 1478 non
1726 1449 1851 1478 tantum
1873 1446 2046 1489 apparatui

265 1496 391 1538 Virgilii
415 1497 526 1529 critico
549 1496 699 1538 augendo
722 1507 761 1529 ac
784 1506 842 1538 per
863 1496 985 1538 gradus
1009 1496 1251 1539 depravationis
1274 1497 1514 1539 persequendo,
1543 1497 1601 1529 sed
1629 1498 1727 1530 etiam
1749 1497 1943 1539 aliquotiens
1965 1497 2045 1541 ipsis

263 1548 466 1590 grammatici
488 1548 596 1580 verbis
620 1547 830 1580 emendandis
853 1548 1079 1580 inserviturum
1104 1558 1185 1590 esse,
1214 1551 1249 1580 ut
1278 1558 1316 1581 eo
1346 1549 1476 1581 invento
1505 1549 1630 1582 initium
1659 1552 1746 1582 certe
1768 1549 1888 1582 factum
1911 1549 1954 1582 sit
1975 1549 2045 1583 eius

264 1599 333 1641 spei
364 1599 554 1642 explendae,
585 1609 682 1640 quam
711 1599 891 1632 Huemerus
914 1599 964 1632 his
985 1599 1093 1632 verbis
1116 1599 1276 1642 expressit
1304 1611 1335 1643 p.
1364 1602 1406 1632 V:
1436 1597 1590 1642 ‘denique
1619 1600 1724 1634 fontes
1746 1611 1846 1634 novos
1867 1601 1950 1634 alios
1973 1610 2046 1634 esse

263 1651 483 1692 patefacturos
506 1651 704 1683 confidenter
727 1650 845 1693 spero.'

417 1790 441 1823 *)
461 1790 659 1824 Corruptclam
678 1792 774 1817 tamen
793 1790 875 1818 codd.
895 1789 953 1817 ΡΝ
969 1797 1003 1817 ex
1019 1787 1147 1824 ‘peritia'
1170 1790 1266 1824 potius
1286 1793 1377 1818 ortam
1397 1797 1462 1817 esse
1482 1798 1565 1825 quam
1583 1797 1617 1817 ex
1632 1788 1757 1824 ‘pericia’
1778 1792 1867 1824 patet.
