2138 2748
977 249 1057 296 55⁴

258 359 372 391 Artem
389 369 510 394 rerum,
526 369 614 401 quae
630 357 674 390 ad
690 357 833 402 physica
849 358 1026 401 pertinent,
1050 357 1323 390 delineandarum
1348 358 1486 391 docebit
1504 359 1719 399 Assmann,
1741 358 1886 391 taxider-

112 409 206 444 miain
233 410 436 450 Tiemann,
460 414 565 442 artem
588 409 750 442 batuendi
771 410 937 450 Pseifer.

261 460 473 493 Bibliotheca
517 460 711 493 academica
742 459 881 492 lecturis
915 460 1046 503 patebit
1069 460 1222 503 quotidie
1256 460 1289 493 h.
1323 460 1490 499 ΙΧ-ΙΠ,
1524 461 1631 494 libros
1666 462 1820 505 petituris
1850 467 1884 494 et

105 511 288 544 reddituris
327 511 360 544 h.
400 511 542 545 XI—I.
619 511 728 555 Leges
765 511 894 543 indicat
932 511 1061 543 scheda
1100 511 1132 543 iu
1173 511 1327 543 conclavi
1376 511 1498 544 studiis
1536 512 1649 545 dicato
1697 513 1884 556 proposita.

105 562 319 596 Bibliotheca
353 563 584 595 studiosorum
618 563 756 606 propria
791 562 920 605 patebit
953 562 1106 605 quotidie
1141 563 1183 594 ab
1215 562 1247 596 h.
1276 564 1440 606 Ilusque
1470 563 1513 595 ad
1543 564 1574 597 11.
1603 564 1662 596 IV.
1719 563 1884 607 Reliquae

105 613 208 647 huius
242 614 336 646 urbis
367 613 609 652 bibliothecae,
650 613 887 657 Rliedigerana
921 625 995 646 cum
1032 613 1201 657 Burgiana
1234 615 1447 650 consociata,
1490 615 1568 647 item
1603 625 1658 650 ea.
1699 626 1786 659 quae
1821 615 1886 648 suit

106 665 151 699 ad
184 664 300 698 aedem
331 665 366 699 S.
395 665 609 702 Bernardini.
646 665 792 708 denique
826 665 941 705 tertia,
977 676 1064 708 quae
1099 665 1141 697 ad
1176 664 1292 697 aedem
1328 666 1362 699 S.
1393 666 1518 697 Mariae
1554 666 1775 709 Magdalenae
1809 666 1882 705 fuit,

102 716 137 750 in
159 727 283 750 novam
306 717 431 749 curiam
454 716 637 749 translatae
661 716 826 760 patebunt
849 716 1002 760 quotidie
1025 717 1067 748 ab
1092 715 1123 748 h.
1150 717 1189 749 X.
1213 715 1256 748 ad
1280 716 1312 749 h.
1335 716 1377 749 11.

260 768 488 801 Collectiones
503 779 612 800 rerum
638 772 672 800 et
686 768 982 800 instrumentorum
1000 768 1042 800 ad
1060 768 1246 811 physicam,
1263 769 1512 806 astronomiam,
1536 773 1724 806 anatomen,
1742 769 1882 813 physio-

105 818 238 863 logiam,
262 819 462 863 zoologiam,
487 819 747 863 mineralogiam,
773 820 821 851 rei
844 820 990 852 rusticae
1015 819 1201 851 doctrinam
1222 819 1468 862 pertinentium,
1491 819 1734 852 laboratorium
1757 820 1882 852 chemi-

105 881 196 910 cum,
236 881 387 904 museum
421 870 728 915 archaeolog'icum,
769 871 927 904 collectio
963 870 1248 914 chalcographica
1286 871 1488 914 inspiciendi
1524 871 1623 903 venia
1650 882 1714 903 suo
1742 870 1821 903 loco
1852 876 1886 904 et

105 925 256 965 tempore
278 923 456 965 impetrata
480 922 766 956 monstrabuntur.
804 922 946 955 ‘Hortus
979 922 1162 954 botanicus
1190 922 1310 954 diebus
1341 922 1496 954 omnibus
1531 927 1664 965 praeter
1697 921 1885 955 dominicos

39 1017 48 1022 .
105 972 250 1016 patebit3
282 973 331 1005 rei
357 973 534 1006 herbariae
557 973 731 1012 studiosis,
767 973 826 1016 qui
858 984 918 1016 per
950 973 1091 1005 hiemem
1114 973 1303 1016 plantarum
1332 973 1551 1006 hibernacula
1576 974 1609 1005 in
1633 973 1742 1006 hortis
1773 974 1885 1017 posita

105 1023 197 1056 adire
210 1023 408 1067 cupivefint,
428 1024 530 1056 certis
551 1024 644 1056 horis
669 1024 740 1056 eius
756 1025 804 1056 rei
828 1024 870 1056 ab
896 1024 1069 1057 hortorum
1090 1024 1256 1056 directore
1280 1030 1432 1067 potestas
1456 1025 1522 1058 flet.
1558 1024 1784 1057 Pinacotheea
1806 1036 1883 1057 aca-

106 1074 236 1108 demica
251 1086 325 1108 cum
343 1075 566 1118 pinacotheca
583 1076 756 1108 societatis
780 1076 899 1108 artium
917 1075 1110 1116 Silesiacae,
1135 1075 1356 1108 collectiones
1382 1081 1669 1108 monumentorum
1698 1076 1731 1108 in
1747 1076 1884 1108 tumulis

106 1125 459 1159 Slavo-Germanicis
493 1131 703 1170 repertorum
739 1131 772 1159 et
807 1126 1115 1159 ecclesiasticorum
1151 1132 1184 1160 et
1213 1138 1419 1159 nummorum
1456 1128 1584 1160 mediae
1618 1127 1883 1171 recentiorisque

105 1179 224 1211 aetatis
252 1189 326 1210 cum
357 1178 617 1210 collectionibus
646 1178 818 1210 societatis
852 1178 1089 1222 antiquitatum
1118 1178 1301 1211 Silesiacae
1333 1180 1533 1212 coniunctae
1562 1184 1651 1219 sunt,
1681 1179 1724 1211 ad
1756 1189 1882 1222 easque

105 1229 218 1262 aditus
241 1230 338 1262 statis
362 1229 454 1262 horis
471 1240 510 1262 ac
534 1229 655 1262 diebus
679 1229 784 1273 gratis
799 1234 904 1273 patet.

258 1280 413 1313 Musenm
445 1280 717 1324 ephemeridibus
746 1285 780 1313 et
812 1280 948 1323 scriptis
983 1280 1166 1323 periodicis
1199 1280 1352 1323 legendis
1382 1291 1399 1312 a
1430 1281 1594 1314 societate
1629 1281 1821 1313 academica
1849 1282 1880 1313 in

107 1331 327 1364 universitate
349 1332 536 1365 institutum
554 1332 657 1364 sociis
680 1332 810 1375 patebit
824 1332 857 1365 h.
875 1332 925 1364 IX
941 1336 1018 1365 mat.
1041 1351 1084 1356 —
1112 1331 1193 1364 VIII
1217 1343 1326 1375 vesp.‚
1351 1332 1471 1364 diebus
1495 1332 1671 1364 dominicis
1694 1333 1727 1366 11.
1750 1332 1883 1365 Xl—ll.

259 1498 397 1532 Ordinis
421 1510 538 1543 evang.
560 1499 664 1533 theol.
681 1499 965 1545 commilitonibus
982 1500 1166 1532 secundum
1184 1505 1311 1533 statuta
1339 1501 1498 1544 stipendii
1516 1502 1691 1533 Caussiani
1712 1502 1885 1533 nuntiatur

107 1550 262 1594 proximo
287 1551 439 1583 semestri
469 1551 609 1583 hiberno
634 1556 777 1583 exeunte
801 1552 947 1594 praemia
971 1562 1011 1582 ex
1036 1551 1102 1583 hoc
1126 1552 1295 1595 stipendio
1321 1553 1495 1596 proposita
1523 1553 1668 1594 legitime
1692 1553 1885 1595 petentibus

105 1601 320 1634 distributum
344 1602 395 1636 iri.
446 1602 519 1641 Qua
546 1602 588 1634 de
610 1613 645 1634 re
670 1613 732 1634 suo
757 1607 907 1645 tempore
937 1602 1022 1634 ordo
1052 1603 1156 1636 theol.
1185 1615 1303 1645 evang.
1327 1604 1467 1637 maxime
1491 1604 1696 1636 reverendus
1723 1604 1883 1636 certiores

105 1664 165 1686 cos
188 1653 289 1686 faciet
311 1653 431 1686 litteris
455 1653 497 1686 ad
522 1653 638 1686 valvas
662 1654 817 1697 publicas
841 1654 1026 1698 affigeudis.
