2138 2748
0 198 7 240 i

0 320 7 360 ξ

0 2023 18 2276 ἑ

0 2277 16 2300 ,Ν

28 2548 32 2582 J

10 2424 18 2512 ξ

0 2513 19 2565 i

0 2583 19 2601 fi

0 2604 45 2748 ff{

964 268 1003 300 47

246 358 523 392 RUDOLPHUS
548 359 818 397 VOLTOLINI,
842 359 901 392 Dr.
925 359 961 393 P.
983 359 1019 392 P.
1043 359 1083 393 E.
1135 360 1308 393 Publice
1331 362 1356 394 1.
1394 363 1572 395 Anatomen
1600 366 1716 404 orqani
1748 365 1875 396 auditus

93 411 199 453 quoad
219 410 346 443 morbos
370 411 511 443 eiusdem
533 410 645 443 tradet
671 411 704 444 d.
727 410 811 444 Lun.
835 410 868 443 h.
894 410 935 443 V.
980 410 1272 444 Privatissime
1296 412 1336 444 11.
1374 413 1510 446 Cursum
1533 415 1825 456 larynyoscopicum
1848 419 1877 448 et

91 461 346 503 rbinoscopicum
368 461 523 493 instituet
545 461 598 493 bis
623 472 683 504 per
705 461 806 494 hebd.
830 461 863 495 h.
888 461 951 494 def.

244 511 518 545 LEOPOLDUS
552 512 816 550 AUERBACH,
849 514 919 545 'Dr.
958 513 993 546 P.
1034 513 1069 546 P.
1106 513 1144 545 Ε.
1212 514 1385 547 Publice
1420 516 1444 548 Ι.
1488 518 1536 549 De
1569 517 1701 550 historia
1734 519 1878 550 naturali

87 567 318 606 protozoorum
340 563 485 596 disseret
514 564 616 596 semel
647 574 707 607 per
733 563 834 596 hebd.
880 563 1078 596 Privatim
1110 564 1150 597 ΙΙ.
1188 566 1235 597 De
1262 568 1466 607 yeneratione
1489 571 1518 599 et
1545 568 1756 610 embryoloyia
1779 573 1875 601 verte·

91 613 254 647 brutorum
277 613 422 646 disseret
445 614 496 646 bis
521 625 582 657 per
603 615 705 649 hebd.

244 664 535 699 HERMANNUS
562 665 827 699 LUDOVICUS
858 665 1001 702 COHN,
1045 666 1100 698 Dr.
1135 667 1171 699 P.
1204 667 1239 700 P.
1280 668 1319 700 E.
1371 668 1543 700 Publice
1567 669 1591 702 1.
1624 671 1875 703 Emer-citationes

91 716 392 759 ophthalmoloyicas
419 718 689 759 propaedeuticas
720 717 861 749 habebit
887 717 919 750 d.
954 718 1057 750 Marc.
1088 717 1120 749 h.
1150 718 1191 751 V.
1251 718 1449 751 Privatim
1480 720 1521 753 11.
1572 721 1707 753 Cursum
1735 722 1875 763 ophthal-

90 769 304 810 moscopicum
324 768 479 801 instituet
495 768 527 801 d.
551 768 649 801 Mart.
674 768 815 813 etyen.
840 768 871 800 h.
895 768 952 802 IV.

221 817 507 851 ‘RICHARDUS
533 819 838 855 GSCHEIDLEN,
865 819 921 852 Dr.
938 819 974 852 P.
997 819 1032 852 Ρ.
1050 819 1088 851 Ε.
1128 820 1302 852 Publice
1328 821 1350 854 l.
1380 823 1429 854 De
1451 824 1566 855 urinae
1589 823 1709 855 chemin
1732 822 1877 854 disseret

92 868 125 902 d.
151 868 236 902 Lun.
264 869 297 903 h.
326 869 369 903 V.
421 870 620 902 Privatim
642 871 684 904 II.
718 872 883 912 Hyyienen
908 871 1068 912 publicam
1097 872 1419 905 demonstrationibus
1448 874 1640 906 illustratam
1674 874 1813 906 docebit
1842 874 1874 907 d.

91 920 175 954 Lun.
198 924 233 953 et
253 921 352 953 Mart.
376 921 409 954 h.
426 922 467 953 11.
511 921 803 954 Privatissime
824 921 882 954 ΙΙΙ.
906 923 1160 954 Exercitationes
1183 923 1330 964 byyienes
1358 926 1393 956 in
1414 926 1540 957 modum
1564 926 1732 958 seminarii
1754 925 1876 968 diriget

91 971 196 1004 semel
217 982 279 1015 per
301 971 404 1006 hebd.
428 972 460 1006 h.
485 972 551 1005 def.

244 1023 463 1056 AEMILIUS
487 1023 701 1061 RICHTER,
727 1024 784 1057 Dr.
806 1024 842 1058 P.
865 1024 900 1057 P.
919 1023 958 1057 E.
990 1023 1162 1055 Publice
1187 1024 1210 1057 1.
1233 1025 1475 1067 Amputationes
1498 1031 1527 1059 et
1541 1029 1732 1060 resectiones
1748 1031 1874 1060 artuum

90 1073 230 1107 docebit
253 1075 355 1106 semel
384 1086 446 1117 per
469 1074 570 1108 hebd.
615 1075 807 1107 Privatim
831 1075 871 1108 11.
907 1076 956 1108 De
977 1076 1123 1116 aciuryia
1149 1077 1282 1116 speciali
1304 1076 1449 1109 disseret
1472 1084 1523 1110 ter
1545 1089 1606 1121 per
1629 1078 1729 1110 hebd.
1753 1079 1785 1110 h.
1815 1078 1874 1111 lv.

89 1125 148 1159 111.
173 1125 383 1168 Operationes
406 1127 604 1168 chiruryicas
627 1128 662 1159 in
677 1128 832 1159 cadavere
855 1127 1048 1159 exercendas
1066 1126 1311 1159 demonstrabit
1334 1131 1416 1167 (una
1440 1140 1514 1160 cum
1540 1129 1689 1170 Fischer,
1714 1129 1748 1162 P.
1766 1129 1800 1162 P.
1818 1129 1874 1171 O.)

89 1182 142 1209 ter
170 1186 232 1219 per
254 1176 355 1209 hebd.
381 1177 413 1210 h.
436 1177 477 1209 V.
501 1182 534 1209 et
556 1176 615 1210 Vl.

241 1227 506 1261 LUDOVICUS
542 1228 664 1265 HIRT,
699 1228 757 1260 Dr.
787 1228 823 1260 P.
853 1228 888 1261 P.
918 1228 957 1261 E.
1008 1228 1183 1260 Publice
1211 1229 1236 1262 Ι.
1277 1229 1399 1262 Selecta
1425 1232 1531 1272 capita
1557 1231 1704 1272 byyienes
1726 1232 1874 1273 publicae

91 1277 375 1311 commilitonibus
399 1280 545 1312 omnium
562 1280 717 1312 ordinum
742 1279 911 1312 enarrabit
927 1279 1030 1311 semel
1052 1291 1112 1322 per
1128 1279 1229 1312 hebd.
1274 1280 1475 1313 Privatim
1495 1282 1535 1315 11.
1568 1282 1723 1315 Clinicum
1746 1286 1774 1315 et
1793 1283 1874 1324 poli·

90 1330 238 1363 clinicum
259 1330 441 1364 morborum
463 1332 642 1372 systematis
664 1332 794 1363 nervosi
816 1330 1045 1363 moderabitur
1068 1330 1100 1364 d.
1126 1330 1194 1365 Sat.
1220 1332 1252 1365 h.
1275 1332 1333 1365 III.
1358 1339 1390 1364 et
1414 1333 1472 1365 IV.

241 1389 392 1423 IULIUS
416 1390 783 1428 SOMMERBRODT,
807 1391 866 1424 Dr.
890 1390 924 1423 P.
942 1390 976 1423 P.
1001 1391 1040 1424 E.
1074 1391 1248 1423 Publice
1271 1392 1295 1425 Ι.
1325 1393 1373 1425 De
1390 1394 1490 1434 pulsu
1513 1395 1705 1426 arteriarum
1729 1393 1874 1425 disseret

89 1441 194 1474 semel
222 1451 284 1484 per
311 1441 413 1474 hebd.
476 1441 676 1474 Privatim
710 1442 751 1475 ΙΙ.
797 1441 920 1475 Selecta
953 1443 1059 1484 capita
1086 1443 1290 1484 patholoyiae
1323 1448 1352 1476 et
1385 1445 1548 1486 tberapiae
1580 1445 1730 1486 specialis
1763 1444 1874 1476 tradet

88 1496 209 1535 quater
230 1492 483 1576 Ἷὶἒὲῗῖῗὲὲΰὸ
520 1543 732 1580 NEISSER‚
778 1543 837 1576 Dr.
871 1543 907 1577 P.
941 1543 976 1575 P.
1012 1543 1052 1577 E.
1119 1545 1292 1577 Publice
1332 1546 1356 1579 Ι.
1413 1547 1602 1589 Tberapiam
1633 1547 1811 1588 yeneralem
1845 1551 1873 1586 et

87 1594 258 1637 specialem
279 1595 461 1628 morborum
477 1599 683 1644 cutoneorum
700 1594 838 1626 docebit
855 1594 886 1626 d.
903 1595 972 1627 Sat.
992 1595 1023 1628 b.
1040 1595 1099 1628 XI.
1144 1595 1341 1628 Privatim
1365 1597 1405 1630 Π.
1434 1598 1588 1630 Clinicum
1609 1602 1638 1630 et
1656 1599 1871 1640 policlinicum

87 1646 270 1680 morborum
291 1651 497 1680 cutaneorum
519 1651 548 1679 et
569 1657 774 1680 vener-eorum
796 1646 1029 1680 moderabitur
1052 1646 1084 1679 d.
1108 1647 1191 1680 Lun.
1215 1647 1319 1679 Merc.
1342 1648 1414 1681 IOV.
1440 1648 1471 1681 h.
1493 1648 1542 1680 IX
1552 1648 1662 1691 ¹s‚—X
1672 1649 1717 1690 Ἃ.

240 1705 368 1738 OTTO
392 1705 663 1753 SOLTMANN,
687 1706 744 1740 Dr.
770 1706 804 1738 P.
828 1706 864 1738 P.
889 1707 927 1739 E.
972 1705 1148 1738 Publice
1170 1708 1195 1740 Ι.
1229 1707 1278 1739 De
1300 1709 1444 1740 naturali
1465 1712 1494 1739 et
1517 1709 1679 1749 artificiali
1699 1709 1871 1747 infantium

85 1758 258 1790 nutritione
278 1767 346 1790 una
368 1767 438 1790 cum
461 1757 782 1790 demonstrationibus
806 1757 950 1789 disseret
973 1756 1005 1790 d.
1021 1757 1105 1790 Lun.
1129 1757 1162 1790 h.
1180 1757 1221 1791 V.
1268 1758 1464 1790 Privatim
1487 1759 1528 1791 ΙΙ.
1561 1758 1714 1791 Clinicum
1737 1763 1766 1791 et
1784 1760 1866 1801 poli-

85 1809 233 1841 clinioum
251 1809 485 1850 paediatricum
507 1808 739 1841 moderabitur
765 1808 796 1841 d.
826 1809 925 1841 Mart.
950 1813 983 1840 et
1009 1808 1093 1842 Ven.
1127 1809 1159 1840 h.
1189 1809 1220 1840 V
1244 1815 1278 1842 et
1299 1809 1358 1842 VI.
1425 1810 1482 1842 111.
1529 1810 1664 1842 Cursum
1688 1812 1866 1850 practicum

86 1865 124 1896 de
150 1864 281 1905 byyiene
301 1867 329 1896 et
350 1865 389 1896 de
411 1866 627 1897 vaccinatione
649 1865 709 1896 rite
732 1865 926 1897 instituenda
950 1863 1089 1895 habebit
1112 1861 1144 1894 d.
1167 1862 1238 1894 Iov,
1261 1861 1295 1894 h.
1320 1861 1361 1893 V.

237 1914 368 1948 HUGO
397 1915 600 1953 MAGNUS,
628 1915 686 1948 Dr.
720 1917 757 1948 P.
785 1916 822 1947 Ρ.
852 1915 890 1947 Ε.
936 1915 1110 1947 Publice
1143 1914 1168 1947 I.
1201 1914 1455 1946 Exercitationes
1484 1913 1615 1945 clinicos
1638 1912 1791 1944 instituet
1814 1912 1866 1943 bis

85 1977 144 2010 per
165 1966 267 1999 hebd.
311 1967 508 1999 Privatim
531 1966 573 1998 11.
605 1967 861 1999 Exercitationes
883 1966 1208 2008 opbtbalmoscopicas
1229 1970 1325 2007 reget
1347 1964 1399 1995 bis
1424 1974 1484 2006 per
1501 1963 1603 1995 hebd.

238 2025 483 2060 GUSTAVUS
518 2026 660 2064 BORN,
694 2026 753 2059 Dr.
774 2027 819 2060 P.
847 2027 883 2058 P.
914 2025 953 2057 E.
1003 2025 1170 2057 Publice
1200 2024 1224 2056 I.
1275 2024 1486 2065 Osteoloyiam
1520 2027 1548 2055 et
1581 2023 1863 2063 syndesmoloyiam

83 2078 263 2120 yeneralem
284 2077 445 2110 tractabit
467 2077 571 2110 semel
594 2088 655 2120 per
677 2077 779 2110 hebd.
805 2076 836 2109 h.
862 2076 936 2109 VII.
982 2076 1179 2108 Privatim
1202 2076 1243 2109 11.
1291 2075 1502 2115 Osteoloyiam
1525 2078 1554 2106 et
1581 2074 1865 2115 syndesmoloyiam

85 2130 222 2163 bominis
245 2130 413 2171 specialem
437 2129 576 2161 docebit
597 2129 650 2161 bis
674 2139 734 2171 per
756 2127 857 2161 hebd.
882 2128 914 2160 h.
938 2128 1009 2160 VII.
1148 2168 1151 2170 q

237 2179 445 2213 CAROLUS
469 2180 731 2215 WERNICKE.
757 2180 814 2211 Dr.
842 2180 877 2211 P.
904 2178 939 2212 P.
967 2178 1007 2211 Ε.
1043 2178 1219 2210 Publice
1252 2178 1278 2210 1.
1317 2179 1365 2209 De
1393 2177 1513 2209 cerebri
1534 2179 1696 2207 structura
1723 2185 1752 2207 ee
1764 2181 1862 2215 Junc-

84 2231 221 2264 tionibus
245 2230 390 2264 disseret
412 2231 444 2264 d.
469 2231 539 2265 Sat.
564 2232 596 2264 h.
621 2230 695 2264 XII.
742 2230 937 2262 Privatim
961 2230 1001 2262 11.
1039 2231 1088 2262 De
1109 2230 1228 2262 morbis
1246 2230 1408 2271 psychicis
1431 2232 1460 2260 et
1481 2228 1694 2267 neuraloyicis
1719 2226 1863 2259 disseret

85 2282 117 2315 d.
140 2280 239 2315 Mart.
266 2288 299 2314 et
322 2282 407 2316 Ven.
430 2282 463 2315 h.
487 2283 547 2316 IX.
581 2282 638 2316 111.
665 2282 818 2315 Clinicum
840 2282 1088 2323 psycbiatricum
1111 2281 1390 2321 etneuraloyicum
1413 2278 1643 2317 moderabitur
1666 2277 1697 2309 d.
1721 2277 1805 2311 Lun.
1830 2283 1863 2310 et

83 2334 186 2368 M‘m'
211 2334 497 2418 ''eiiiissmus
514 2383 654 2421 ROUX‚
678 2384 736 2417 nr.
751 2383 787 2417 P.
800 2383 836 2416 P.
854 2382 894 2414 E.
930 2382 1098 2415 Publice.
1119 2383 1144 2415 1.
1175 2383 1378 2415 anatomiam
1399 2391 1570 2413 mmmm
1586 2379 1861 2421 peripheriwfflm

83 2433 219 2470 bominis
243 2436 381 2469 docebit
404 2435 507 2468 semel
536 2446 598 2478 per
625 2435 726 2468 hebd.
772 2434 967 2466 Privatim
998 2434 1039 2467 11.
1084 2435 1298 2475 Autoyenesin
1327 2443 1398 2465 cum
1425 2432 1605 2464 mechanico
1633 2434 1861 2471 autoyeneseos

82 2487 242 2535 tractabit
263 2487 316 2520 bis
340 2498 400 2531 per
422 2487 524 2520 hebd.
549 2487 581 2520 b.
607 2486 695 2519 VIII.
