2138 2748
1162 227 1202 258 14
1259 272 1277 274 Η

432 326 668 359 ANTONIUS
685 327 903 364 BIERMER,
928 327 986 360 Dr.
1002 327 1038 360 P.
1053 327 1089 360 P.
1108 327 1148 360 Ο.
1173 327 1344 360 Publice
1366 329 1391 361 Ι.
1415 329 1463 360 De
1478 329 1597 360 morbis
1613 330 1754 370 typbosis
1777 330 1922 362 disseret
1945 330 1976 362 d.
1991 330 2063 362 Iov.

280 379 312 410 h.
336 378 411 410 XII.
448 378 646 410 Privatim
667 380 708 411 Π.
756 379 870 420 Capita
891 380 1007 411 selecta
1024 379 1226 420 patholoyiae
1249 380 1398 421 specialis
1422 380 1560 412 docebit
1583 380 1614 412 d.
1632 380 1715 412 Lun.
1732 381 1836 415 Mei-c.
1853 381 1939 414 Ven.
1957 381 1989 413 h.
2002 381 2062 413 IX.

279 430 336 461 111.
373 429 527 462 Clinicum
549 434 578 461 et
587 430 804 471 policlinicwm
820 431 976 462 medicum
997 429 1229 462 moderabitur
1252 431 1434 473 quinquies
1458 442 1518 473 per
1541 431 1643 464 hebd.
1666 431 1700 464 h.
1723 432 1925 475 X¹s‚—X11.

431 480 720 513 HERMANNUS
756 480 966 518 FISCHER,
1002 481 1059 513 Dr.
1083 481 1118 513 P.
1144 481 1178 514 P.
1204 481 1245 514 O.
1294 481 1466 514 Publice
1493 483 1519 514 I.
1566 484 1615 515 De
1649 485 1918 525 amputationibus
1957 488 1986 516 et
2017 494 2066 516 re—

279 532 469 564 sectionibus
494 532 638 564 disseret
660 532 693 564 h.
717 531 784 565 def.
828 532 1023 564 Privatim
1047 533 1088 565 II.
1145 533 1300 565 Clinicum
1323 537 1353 565 et
1364 534 1580 575 policlinicum
1596 535 1810 575 cbiruryicum
1832 535 2062 567 moderabitur

281 583 546 626 quinquies-per
561 583 663 616 hebd.
680 583 713 615 h.
728 583 953 626 VIII—lxv..
984 584 1041 616 III.
1073 584 1210 616 Cursum
1233 586 1454 626 operationum
1476 585 1729 626 cbiruryicarum
1751 587 1907 618 instituet
1927 590 1980 618 ter
2001 594 2063 629 per

279 634 380 669 hebd.
406 635 437 666 h.
455 634 486 666 V
511 640 544 666 et
568 635 615 666 VI
637 646 732 677 vesp.
757 636 838 675 (una
861 646 936 666 cum
958 635 1120 667 Richtero
1144 635 1180 667 P.
1204 637 1241 668 P.
1265 635 1328 675 Ε.).

430 686 693 718 RICHARDUS
717 686 975 723 FOERSTER,
1010 686 1067 718 Dr.
1090 686 1126 719 P.
1149 686 1185 718 P.
1204 686 1244 719 O.
1290 686 1458 718 Publice
1480 687 1506 719 Ι.
1551 689 1601 720 De
1622 689 1842 729 relationibus,
1865 699 1946 731 quae
1966 690 2062 722 inter-

279 738 392 769 cedunt
413 738 496 769 inter
510 738 637 770 morbos
653 739 748 770 totius
765 739 909 779 corporis
926 742 955 769 et
970 738 1095 770 morbos
1113 739 1227 778 oryani
1242 739 1342 778 visus,
1367 738 1512 769 disseret
1529 738 1560 771 d.
1577 739 1649 772 Iov.
1664 739 1698 771 h.
1715 739 1790 773 XII.
1816 740 2007 772 Privatim
2022 739 2063 773 11.

280 788 434 820 Clinicum
468 792 496 820 et
526 789 742 830 policlinicum
775 789 1089 830 ophthalmoloyicum
1122 789 1352 820 moderabitur
1386 789 1417 820 d.
1452 789 1536 822 Lun.
1571 790 1674 822 Merc.
1709 790 1779 824 Sat.
1813 791 1846 824 h.
1881 791 2063 834 XII—1¹s4.

278 838 566 871 Privatissime
588 839 646 871 111.
690 841 946 872 Emercitationes
969 842 1199 880 operationum,
1224 851 1304 882 quae
1319 842 1530 873 instituuntur
1549 843 1584 873 in
1599 843 1701 883 oculo,
1723 843 1884 883 practicus
1906 842 2061 875 instituet

279 889 312 921 d.
336 890 435 922 Mart.
460 895 493 922 et
515 890 601 922 Ven.
626 890 659 921 h.
683 890 759 923 XII.

431 941 639 974 CAROLUS
663 942 826 981 HASSE,
861 942 919 974 Dr.
944 942 979 975 P.
1004 942 1039 976 P.
1064 942 1104 975 Ο.
1149 943 1320 974 Publice
1345 943 1368 976 Ι.
1412 943 1665 985 Morpboloyiam
1692 946 1897 986 inteyumenti
1924 944 2062 977 docebit

280 993 382 1023 semel
410 1003 470 1034 per
498 993 601 1026 hebd.
632 993 663 1026 h.
695 993 784 1025 VIII.
832 993 1029 1025 Privatim
1059 994 1098 1026 II.
1138 995 1374 1036 Morpboloyiae
1403 998 1530 1036 partem
1563 997 1735 1028 secundam
1765 996 1877 1028 tradet
1911 995 2064 1039 quotidie

278 1043 312 1076 h.
338 1043 388 1076 XI
415 1048 448 1075 et
474 1043 506 1077 d.
535 1046 606 1077 lov.
633 1045 666 1077 h.
693 1046 735 1077 X.
788 1045 843 1077 III.
893 1046 942 1077 De
970 1047 1100 1086 organis
1128 1056 1281 1078 sensuum
1313 1046 1450 1077 hominis
1483 1047 1730 1088 animaliumque
1763 1047 1908 1079 disseret
1941 1051 2062 1090 quater

281 1094 367 1126 hora
388 1095 448 1127 IX.

431 1146 648 1179 AEMILIUS
672 1147 880 1184 PONFICK,
906 1147 964 1181 Dr.
988 1147 1023 1180 P.
1047 1147 1082 1180 P.
1107 1147 1148 1181 O.
1194 1148 1366 1180 Publice
1390 1149 1414 1181 Ι.
1448 1149 1703 1181 Exercitationes
1725 1150 1760 1181 in
1781 1151 1925 1182 instituto
1943 1151 2060 1192 patho-

278 1200 378 1240 loyico
405 1198 646 1230 moderabitur.
690 1199 891 1231 Privatim
915 1199 955 1231 II.
1003 1199 1139 1231 Cursum
1165 1201 1446 1232 demonstrativum
1475 1202 1654 1232 anatomiae
1671 1201 1892 1242 patholoyicae
1925 1201 2065 1234 habebit

279 1249 310 1282 d.
332 1250 417 1283 Lun.
434 1250 536 1282 Mero.
556 1250 639 1283 Ven.
663 1250 696 1282 h.
717 1250 994 1293 V1111s4—1Xss2,
1019 1250 1118 1282 simul
1141 1262 1216 1282 cum
1240 1251 1539 1282 exercitationibus
1563 1252 1768 1294 necropticis
1792 1251 1824 1285 d.
1847 1252 1918 1285 Sat.
1943 1253 1975 1285 h.
2000 1252 2064 1285 VII

279 1306 312 1333 et
327 1301 418 1334 VIII.
449 1301 505 1333 111.
531 1301 668 1334 Cursum
678 1303 858 1343 practicam
873 1303 1059 1343 histoloyiae
1071 1303 1290 1343 patholoyicae
1313 1302 1466 1334 instituet
1481 1302 1513 1334 d.
1527 1302 1610 1334 Lun.
1628 1307 1662 1334 et
1676 1303 1746 1335 Iov.
1765 1303 1796 1336 h.
1811 1302 1891 1335 VIII
1899 1303 2010 1345 ¹l⁸—X
2017 1303 2063 1347 74,

280 1352 312 1386 d.
337 1353 406 1384 Sat.
431 1353 463 1385 h.
486 1353 535 1385 IX
561 1357 594 1385 et
616 1353 659 1386 X.
706 1353 764 1385 IV.
796 1354 985 1387 Anatomiae
1003 1355 1224 1395 patholoyicae
1241 1358 1368 1396 partem
1390 1355 1560 1395 specialem
1583 1354 1721 1386 docebit
1744 1354 1898 1397 quotidie
1921 1359 2065 1398 excepto

282 1404 313 1437 d.
339 1404 409 1436 Sat.
433 1404 465 1436 h.
488 1405 545 1437 ΙΙΙ.

431 1455 663 1488 HENRICUS
679 1455 885 1491 FRITSCH,
910 1456 967 1489 Dr.
986 1456 1020 1489 P.
1037 1456 1072 1489 P.
1091 1456 1131 1489 O.
1149 1456 1181 1488 h.
1198 1460 1220 1488 t.
1237 1456 1372 1488 Rector.
1396 1457 1569 1488 Publice
1584 1457 1609 1488 I.
1634 1458 1821 1498 Historiam,
1832 1458 2063 1500 pathozoyiam,

279 1509 456 1549 tberapiam
476 1508 578 1549 pelvis
601 1509 730 1548 anyusti
753 1507 864 1539 tradet
887 1507 918 1539 d.
932 1508 1036 1540 Mero.
1053 1507 1146 1540 11.1V.
1183 1507 1380 1540 Privatim
1404 1508 1444 1541 II.
1489 1508 1645 1541 Clinicum
1667 1513 1695 1540 et
1714 1509 1930 1550 policlinieum
1951 1519 2065 1550 yynae-

278 1560 450 1600 coloyicum
471 1563 567 1602 reget
590 1559 772 1601 quinquies
796 1570 857 1601 per
880 1559 981 1592 hebd.
999 1559 1031 1591 h.
1050 1559 1106 1591 111.
1155 1559 1211 1591 III.
1259 1560 1551 1591 Emercitationibus
1570 1561 1791 1601 operationum
1811 1560 2066 1593 obstetriciamm

273 1611 478 1652 phantomate
501 1610 641 1642 adhibito
666 1610 813 1652 praeerit
836 1610 868 1643 d.
884 1610 968 1643 Lun.
985 1610 1083 1643 Mart.
1108 1610 1178 1642 Iov.
1203 1610 1273 1643 Sat.
1297 1611 1330 1643 h.
1353 1612 1410 1644 IV.

433 1661 641 1693 CAROLUS
670 1661 900 1698 FLUEGGE,
937 1661 995 1694 Dr.
1019 1661 1054 1694 P.
1079 1662 1114 1693 P.
1140 1661 1180 1694 Ο.
1236 1662 1410 1693 Publice
1438 1663 1463 1695 I.
1521 1663 1703 1694 Statisticae
1731 1663 1930 1695 medicinalis
1958 1663 2065 1704 capita

278 1714 392 1746 selecta
414 1713 525 1744 tradet
540 1713 643 1744 semel
659 1724 719 1755 per
734 1713 835 1745 hebd.
880 1713 1079 1744 Privatim
1096 1714 1138 1745 ΙΙ.
1171 1714 1330 1755 Hyyienes
1346 1715 1567 1754 ewperimentis
1590 1714 1768 1746 illustratae
1788 1717 1911 1755 partem
1934 1714 2066 1746 alteram

279 1765 417 1796 docebit
439 1764 470 1797 d.
491 1764 575 1797 Lun.
598 1764 702 1798 Merc.
721 1764 804 1797 Ven.
821 1764 854 1796 h.
871 1764 931 1795 IX.
964 1765 1021 1797 ΙΙΙ.
1058 1765 1310 1797 Exercitationes
1333 1766 1414 1797 artis
1437 1766 1628 1797 vaccinandi
1650 1765 1790 1796 habebit
1814 1764 1846 1798 d.
1868 1765 1940 1798 Iov.
1964 1764 1996 1798 h.
2024 1764 2064 1797 V.

277 1816 564 1848 Privatissime
585 1816 644 1848 IV.
689 1817 944 1848 Exercitationes
963 1817 1127 1857 practicas
1150 1817 1185 1848 in
1207 1817 1399 1849 laboratorio
1417 1817 1580 1857 hyyienico
1604 1815 1748 1859 dirigere
1770 1820 1891 1859 perget
1913 1815 2066 1859 quotidie

278 1868 372 1900 horis
396 1867 593 1900 commodis.

432 1918 695 1951 GUILELMUS
712 1918 922 1959 FILEHNE,
946 1918 1004 1950 Dr.
1019 1919 1056 1951 P.
1072 1919 1109 1952 P.
1127 1918 1167 1952 O.
1196 1918 1371 1951 Publice
1386 1920 1411 1952 I.
1444 1919 1622 1960 Therapiae
1642 1920 1802 1960 yeneralis
1825 1920 1931 1961 capita
1952 1920 2067 1951 selecta

279 1971 417 2003 docebit
446 1970 477 2003 d.
504 1970 587 2003 Ven.
617 1971 649 2003 h.
672 1970 728 2004 VI.
773 1970 967 2001 Privatim
989 1970 1031 2003 ΙΙ.
1061 1971 1355 2011 Pharmaeoloyiam
1379 1970 1701 2002 demonstrationibus
1724 1971 1884 2002 adiunctis
1906 1970 2066 2002 tractabit

279 2022 460 2065 quinquies
487 2033 548 2064 per
574 2021 675 2053 hebd.
702 2021 736 2054 h.
761 2021 801 2054 V.
846 2021 904 2054 111.
939 2022 989 2053 De
1015 2022 1295 2054 intoaeicationibus
1321 2022 1588 2063 frequentioribus
1616 2021 1760 2053 disseret
1783 2021 1814 2054 d.
1831 2021 1916 2054 Lun.
1940 2026 1974 2053 et
1993 2021 2064 2054 Iov.

277 2074 311 2107 h.
335 2074 393 2107 VI.

432 2125 641 2158 CAROLUS
665 2124 911 2157 IMMANUEL
934 2124 1164 2162 KLOPSCH‚
1193 2125 1252 2158 Dr.
1275 2125 1311 2158 P.
1335 2124 1371 2157 P.
1394 2124 1434 2156 E.
1479 2124 1652 2156 Publice
1675 2125 1700 2157 I.
1745 2126 1795 2157 De
1818 2124 2081 2165 Samaritarum„

281 2188 359 2220 quas
382 2178 505 2217 dicunt,
538 2177 742 2210 societatibus
771 2180 862 2218 atque
891 2177 929 2208 de
957 2177 1062 2217 primo
1085 2177 1207 2208 auxilio
1230 2187 1308 2208 casu
1330 2176 1434 2208 subito
1457 2176 1586 2216 afflictis
1600 2176 1740 2215 ferendo
1763 2175 1909 2208 disseret
1930 2175 1982 2207 bis
2005 2186 2066 2218 per

280 2228 382 2262 hebd.
405 2239 518 2260 coram
541 2228 688 2260 omnium
711 2227 911 2259 facultatum
935 2227 1098 2259 studiosis
1115 2227 1148 2260 h.
1166 2227 1231 2260 def.
1276 2227 1475 2259 Privatim
1498 2227 1540 2260 ΙΙ.
1582 2227 1830 2269 Orthopaediam
1852 2226 1991 2259 docebit
2013 2227 2064 2258 bis

305 2291 340 2312 er
362 2280 464 2312 hebd.
488 2280 522 2312 h.
548 2279 613 2312 def.

279 2291 301 2322 p
434 2331 712 2364 RUDOLPHUS
737 2330 1006 2367 VOLTOL1N1‚
1031 2329 1090 2362 Dr.
1116 2330 1152 2363 P.
1173 2330 1210 2363 P.
1234 2329 1274 2363 E.
1323 2329 1498 2361 Publice
1523 2329 1549 2362 Ι.
1587 2330 1765 2362 Anatomen
1792 2332 1908 2371 oryani
1934 2331 2064 2363 auduus

280 2384 385 2425 quoad
412 2383 539 2415 morbos
567 2384 708 2415 eiusdem
734 2381 846 2413 tradet
879 2381 911 2414 d.
934 2381 1018 2414 Lun.
1041 2381 1075 2413 h.
1100 2381 1141 2414 V.
1191 2381 1482 2413 Privatissime
1515 2381 1556 2413 ΙΙ.
1607 2381 1743 2414 Cursum
1772 2382 2066 2423 larynyoscops'mm

279 2438 307 2466 et
328 2435 584 2476 rhinoscopicum
604 2434 759 2466 instituet
781 2433 884 2464 semel
912 2443 974 2475 per
996 2432 1097 2465 hebd.
1122 2432 1154 2464 h.
1180 2432 1294 2465 adhuc
1322 2433 1388 2466 def.
