2138 2748
288 270 328 302 30

582 524 742 567 ORDO
776 522 1223 567 THEOLOGORUM
1253 520 1774 564 EVANGELICORUM.

438 676 710 708 FRIDERICUS
744 675 1004 708 GUILELMUS
1035 674 1257 714 SCHULTZ,
1287 673 1346 705 Dr.
1379 673 1415 704 P.
1450 673 1486 704 P.
1514 673 1555 704 O.
1588 672 1622 705 h.
1656 677 1680 704 t.
1709 673 1791 705 Dec.
1847 672 2018 704 Publice
2040 672 2066 704 I.

290 730 544 761 Emercitationes
573 729 607 759 in
639 729 720 760 Nov.
757 729 837 759 Test.
870 728 1106 768 interpretando
1140 725 1370 757 moderabitur
1391 726 1426 757 in
1448 726 1620 757 seminario
1642 726 1729 766 reyio
1769 723 1800 755 d.
1824 723 1928 755 Merc.
1956 724 1990 755 h.
2023 722 2066 756 V.

290 787 322 813 et
356 781 412 812 VI.
457 780 655 811 Privatim
684 779 724 810 II.
774 779 1043 810 Introductionem
1072 779 1106 809 in
1139 778 1201 810 Vet.
1234 778 1315 808 Test.
1346 776 1458 808 tradet
1487 775 1667 818 quinquies
1696 775 1728 808 h.
1751 776 1808 809 IX.
1853 775 1912 807 III.
1935 775 2067 807 Librum

289 833 359 865 lobi
380 831 657 873 interpretabitur
686 830 868 872 quinquies
891 829 925 862 h.
948 831 990 861 X.

438 891 589 923 IULIUS
622 888 949 922 FERDINANDUS
973 887 1223 927 RAEBIGER,
1253 887 1311 919 Dr.
1335 887 1370 918 Ρ.
1394 887 1429 919 P.
1455 887 1495 919 Ο.
1551 887 1723 919 Publice
1751 887 1775 918 I.
1813 888 2067 920 Exercitationes

288 945 323 975 in
364 944 426 975 Vet.
467 943 547 974 Test.
585 942 823 982 interpretando
857 940 1087 971 moderabitur
1114 941 1148 972 in
1181 941 1354 972 seminario
1382 942 1467 980 re9i0
1498 938 1529 971 d.
1565 939 1634 970 Sat.
1669 939 1702 971 h.
1736 938 1796 970 IX.
1826 944 1859 971 et
1886 938 1930 971 X.
1979 938 2067 970 Pri-

288 995 413 1026 vatim
437 994 476 1027 ΙΙ.
521 993 688 1034 Epistulas
722 994 764 1024 acl
800 992 980 1024 Corinthios
1014 993 1106 1024 datas
1139 991 1415 1033 interpretabitur
1449 990 1480 1023 d.
1512 990 1597 1023 Lun.
1625 990 1723 1022 Mart.
1748 991 1821 1024 Iov.
1845 990 1930 1027 ven.
1952 989 1985 1022 h.
2004 989 2064 1022 IX.

289 1046 349 1078 III.
372 1047 497 1078 Iesaiae
520 1046 672 1076 vaticinia
694 1044 970 1086 interpretabitur
993 1043 1174 1086 quinquies
1197 1043 1230 1074 h.
1254 1043 1297 1075 X.

441 1104 690 1137 EDUARDUS
719 1103 886 1141 MEUSS,
921 1103 978 1135 Dr.
1006 1103 1042 1136 P.
1069 1103 1104 1135 P.
1135 1103 1174 1135 O.
1237 1102 1410 1134 Publice
1448 1104 1474 1135 I.
1516 1105 1771 1136 Eaeercitationes
1804 1105 1848 1136 ad
1880 1104 2066 1145 theoloyiam

288 1159 521 1199 systematicam
538 1157 733 1198 pertinentes
756 1157 790 1187 in
813 1157 986 1187 seminario
1010 1155 1179 1196 theologico
1203 1154 1429 1187 moderabitur
1459 1154 1490 1186 d.
1513 1155 1583 1187 Iov.
1611 1155 1644 1186 h.
1668 1154 1711 1187 V.
1737 1159 1769 1187 et
1786 1154 1843 1188 VI.
1885 1154 1928 1187 ΙΙ.
1964 1157 2065 1188 Emer-

289 1209 490 1241 citationibas
524 1208 709 1240 homileticis
746 1208 781 1238 in
818 1207 991 1238 seminario
1027 1207 1166 1248 practico
1203 1207 1406 1238 instituendis
1440 1207 1586 1248 praeerit
1620 1206 1650 1237 d.
1679 1206 1764 1237 Lun.
1796 1206 1829 1239 h.
1861 1206 1916 1239 111.
1946 1211 1979 1238 et
2005 1206 2064 1239 IV.

288 1260 484 1291 Privatim
508 1259 564 1291 111.
609 1259 895 1299 Encyclopaediam
912 1258 1116 1299 theoloyicam
1131 1257 1243 1289 tradet
1259 1257 1291 1289 d.
1308 1257 1391 1290 Lun.
1408 1258 1505 1289 Mart.
1523 1259 1592 1290 Iov.
1612 1257 1644 1290 h.
1664 1257 1738 1291 XII.
1783 1257 1842 1290 IV.
1879 1259 2065 1299 Theoloyiae

289 1313 483 1354 doymaticae
501 1314 627 1352 parte-m
650 1311 782 1342 alteram
806 1309 943 1340 docebit
973 1309 1004 1340 d.
1027 1309 1110 1340 Lun.
1136 1310 1234 1342 Mart.
1258 1310 1328 1342 Iov.
1353 1309 1437 1341 ven.
1461 1309 1495 1342 h.
1518 1309 1590 1350 XL,
1614 1309 1646 1342 d.
1671 1310 1740 1342 Sat.
1770 1309 1804 1342 h.
1833 1309 1892 1342 XI.
1923 1315 1965 1341 et.
1988 1309 2064 1342 XII.

443 1370 676 1403 GEORGIUS
711 1369 974 1401 LUDOVICUS
1016 1369 1163 1407 HAHN,
1208 1369 1266 1401 Dr.
1306 1369 1342 1401 P.
1376 1369 1412 1400 Ρ.
1453 1369 1494 1401 Ο.
1549 1370 1725 1401 Publice
1762 1369 1787 1400 Ι.
1849 1371 2066 1412 Apocalypsin

289 1425 424 1456 Ioannis
447 1422 723 1464 interpretabitur
746 1421 778 1454 d.
803 1421 872 1454 Sat.
901 1421 934 1453 h.
958 1421 1016 1453 IX.
1047 1426 1080 1451 et
1101 1421 1145 1454 X.
1189 1421 1382 1452 Privatim
1412 1421 1453 1452 11.
1498 1422 1680 1463 Epistulam
1709 1421 1805 1453 Pauli
1833 1423 1876 1454 ad
1901 1422 2064 1454 Romanos

289 1478 396 1508 datam
431 1480 579 1517 exponet
619 1474 799 1516 quinquies
835 1473 868 1505 h.
900 1472 960 1504 IX.
1014 1472 1070 1503 111.
1109 1473 1211 1504 Vitam
1249 1473 1322 1505 Iesu
1363 1473 1482 1504 Christi
1515 1474 1688 1505 secandum
1721 1476 1868 1515 quattuor
1901 1474 2066 1515 evanyelia

288 1527 437 1558 narrabit
460 1526 491 1558 d.
515 1526 598 1557 Lun.
622 1526 720 1558 Mart.
744 1525 814 1556 Iov.
843 1524 925 1556 Ven.
949 1524 982 1555 h.
1007 1523 1050 1557 X.

440 1585 727 1618 HERMANNUS
745 1584 1072 1621 WEINGARTEN,
1087 1583 1145 1616 Dr.
1158 1586 1194 1616 P.
1206 1584 1243 1617 P.
1257 1584 1297 1617 O.
1342 1584 1487 1616 Public
1497 1596 1513 1616 e
1526 1585 1551 1616 I.
1574 1586 1829 1617 Exercitationes
1842 1586 1886 1618 ad
1897 1586 2066 1618 historiam

288 1640 438 1671 ecclesiae
460 1639 655 1680 pertinentes
677 1639 711 1669 in
742 1638 915 1668 seminario
942 1638 1030 1677 reyio
1060 1635 1290 1667 moderabitur
1323 1635 1354 1666 d.
1381 1636 1479 1667 Mart.
1509 1635 1543 1669 h.
1573 1635 1616 1669 V.
1641 1641 1674 1668 et
1706 1636 1762 1669 VI.
1806 1637 2003 1669 Privatim
2025 1637 2067 1670 II.

288 1692 465 1723 Historiam
491 1690 604 1721 veteris
634 1690 785 1720 ecclesiae
810 1688 1011 1719 Christianae
1035 1691 1117 1725 (octo
1137 1689 1315 1729 primorum
1338 1689 1553 1725 saeculorum)
1578 1688 1715 1719 docebit
1739 1689 1919 1732 quinquies
1945 1689 1978 1721 h.
2006 1688 2066 1722 XI.

288 1742 345 1774 111.
391 1742 568 1773 Historiam
590 1741 776 1773 recentioris
801 1741 974 1779 theoloqiae
997 1743 1025 1771 et
1048 1740 1197 1771 ecclesiae
1218 1740 1292 1771 inde
1315 1740 1354 1771 ab
1378 1750 1461 1771 anno
1485 1740 1573 1771 1750
1594 1751 1694 1782 usqae
1723 1741 1766 1772 ad
1791 1744 1903 1772 nostra
1925 1744 2069 1782 tempora

288 1793 399 1825 tradet
423 1793 455 1825 d.
479 1793 577 1836 Mart.
600 1793 671 1824 Iov.
697 1792 781 1823 Ven.
806 1791 838 1823 h.
862 1791 937 1823 X11.

442 1851 827 1885 CHRISTOPHORUS
851 1851 1140 1883 HERMANNUS
1164 1851 1381 1892 SCHMIDT,
1405 1851 1463 1882 Dr.
1487 1851 1522 1883 P.
1538 1851 1574 1882 P.
1600 1851 1640 1883 Ο.
1678 1851 1849 1883 Publice
1873 1852 1896 1883 Ι.
1934 1853 2066 1885 Exerci-

289 1907 423 1937 tationes
447 1905 651 1937 catecheticas
675 1906 709 1935 in
732 1905 904 1936 seminario
923 1904 1067 1944 practico
1090 1903 1322 1935 moderabitur
1345 1903 1376 1935 d.
1401 1902 1485 1935 Ven.
1509 1903 1540 1935 h.
1568 1903 1627 1935 IV.
1651 1908 1685 1935 et
1709 1903 1748 1934 V.
1805 1903 2001 1935 Privatim
2024 1903 2066 1935 ΙΙ.

290 1957 497 1997 Evanyeliam
509 1957 661 1988 Matthaei
672 1955 949 1998 interpretabitur
962 1955 1143 1997 quinquies
1157 1966 1216 1997 per
1228 1955 1329 1989 hebd.
1343 1955 1375 1986 h.
1390 1954 1448 1988 IX.
1488 1955 1545 1987 111.
1571 1956 1756 1995 Theoloyiae
1769 1956 1930 1997 practicae
1942 1959 2067 1997 partem

285 2010 440 2049 priorem,
464 2018 544 2049 quae
567 2012 613 2040 est
636 2009 674 2039 de
697 2008 782 2039 calta
805 2008 911 2039 divino
943 2011 971 2038 et
994 2008 1032 2038 de
1054 2010 1123 2038 arte
1143 2008 1366 2048 praedicandi,
1399 2007 1511 2038 tradet
1545 2007 1725 2049 quinquies
1754 2018 1815 2049 per
1842 2007 1943 2040 hebd.
1967 2007 2000 2039 h.
2023 2009 2065 2040 X.

444 2066 750 2100 CHRISTIANUS
779 2066 1052 2099 FRIDERICUS
1082 2067 1220 2099 DAVID
1249 2067 1488 2107 ERDMANN,
1512 2068 1570 2099 Dr.
1594 2068 1630 2099 P.
1645 2067 1681 2099 P.
1699 2067 1739 2099 O.
1759 2067 1837 2099 hon.
1882 2067 2065 2100 Publice.

292 2120 413 2152 Selecta
435 2120 541 2161 capita
564 2119 719 2160 evangelii
740 2120 873 2151 Ioannis
897 2118 1103 2161 disputando
1128 2119 1330 2161 explicanda
1353 2124 1522 2162 proponet
1551 2119 1582 2152 d.
1605 2119 1688 2151 Lun.
1712 2119 1744 2150 h.
1768 2119 1810 2151 V.
1835 2124 1868 2151 et
1890 2119 1948 2152 VI.

442 2178 684 2211 ERNESTUS
714 2178 888 2216 KUEHL,
917 2178 1038 2211 Theol.
1066 2179 1152 2216 Lic.‚
1181 2179 1267 2212 Phil.
1297 2179 1355 2212 Dr.
1404 2180 1612 2212 Privatim.
1661 2181 1849 2212 Doctrinam
1875 2181 1957 2213 Novi
1984 2181 2064 2213 Test.
2089 2162 2092 2169 ⁴

291 2231 329 2262 de
355 2230 474 2262 Christi
494 2242 635 2272 persona
659 2235 688 2263 et
709 2242 805 2273 opere
828 2230 1013 2273 explicabit
1036 2231 1069 2264 d.
1092 2231 1174 2262 Lun.
1200 2232 1304 2264 Merc.
1328 2231 1412 2263 Ven.
1436 2231 1469 2263 h.
1493 2231 1568 2263 XII.

442 2290 691 2323 EDUARDUS
713 2291 911 2328 BRATKE,
938 2291 1060 2323 Theol.
1078 2291 1158 2333 Lic„
1181 2291 1266 2324 Phil.
1286 2292 1344 2324 Dr.
1392 2292 1598 2323 Privatim.
1646 2293 1842 2334 Titeoloyiam
1864 2293 2064 2334 symbolicam

290 2342 402 2373 tradet
426 2342 457 2375 d.
481 2342 564 2375 Lun.
589 2343 687 2375 Mart.
711 2343 782 2375 Iov.
808 2343 892 2374 Ven.
916 2342 949 2375 h.
974 2343 1049 2374 XII.
