2138 2748
217 890 250 910 10

215 1155 249 1177 15

213 1431 249 1454 20

1157 265 1200 299 20

288 369 501 408 ἓλικοειδὲς
522 370 557 401 τὸ
580 369 634 401 καὶ
656 367 902 412 προβάθμιον
924 370 979 400 καὶ
1000 369 1263 413 κλιμακωτόν,
1286 369 1364 412 ὅπερ
1387 369 1519 412 ἄρχεται
1545 370 1600 412 μὲν
1622 370 1661 402 ἐκ
1683 370 1919 414 μονοσυλλοίβου
1941 369 2064 411 λέξεως,

287 420 394 463 προϊὸν
416 421 451 452 δὲ
473 420 558 460 αὔξει
579 420 634 458 τὰς
656 419 752 459 λέξεις
775 420 829 463 μιᾷ
852 420 994 463 συλλαβῇ
1017 421 1157 463 θατέραν
1179 421 1327 463 θατὲρας·

491 471 516 503 ὦ
540 470 646 514 μάκαρ
665 468 804 513 Ἀτρείδη
829 472 1009 514 μοιρηγενὲς
1031 468 1229 515 ὀλβιόδαιμον
1251 472 1296 514 <Γ
1323 472 1415 514 182>

289 522 543 566 ἐμπερίβολον
565 522 600 554 τὸ
624 522 698 564 ἔχον
720 523 801 561 τινὰς
823 523 883 555 τῶν
905 522 985 555 δέκα
1007 526 1204 565 κατηγοριῶν
1225 524 1280 555 καὶ
1301 524 1362 556 τῶν
1384 522 1417 562 ἓξ
1439 525 1671 565 περιστατικῶν·

491 573 611 612 πολλὰς
633 572 662 606 δ’
687 574 833 617 ἰφθίμους
855 574 959 616 ψυχὰς
973 573 1052 606 Ἂὶδι
1073 575 1210 616 προΐαψε
1231 574 1284 616 <Α
1307 574 1359 616 3>.

439 677 479 718 <ἓ
507 676 600 717 20³>
646 676 713 717 „To
742 673 1020 709 ἀναπαιστικόν
1046 676 1131 709 κατὰ
1157 677 1261 709 πᾶσαν
1289 677 1399 719 χώραν
1431 676 1558 719 δέχεται
1585 678 1746 710 σπονδεῖον
1778 678 1833 709 καὶ
1866 675 2063 709 ἀνάπαιστον·

287 727 442 767 ,,σπανίως
471 729 506 760 δὲ
534 729 588 760 καὶ
615 727 931 770 προκελευσματικόν·
960 728 1047 770 παρὰ
1075 729 1111 760 δὲ
1136 733 1198 766 τοῖς
1226 729 1467 771 δραματοποιοῖς
1495 728 1606 771 ἴαμβον
1638 729 1694 760 καὶ
1721 727 1884 761 δάκτυλον.
1934 727 2004 761 Εἰσὶ
2030 728 2066 760 δὲ

287 774 402 818 ,,αότοῦ
427 775 595 817 ἀποθέσεις
618 778 650 817 ἓξ
672 778 756 810 κατὰ
778 779 924 821 συζυγίαν
947 778 1170 822 διαιρουμένου·
1193 776 1474 822 ὑπερκατάληκτον
1496 779 1538 818 εἰς
1566 778 1762 823 δισύλλαβον,
1785 775 2065 822 ὑπερκατάληκτον

286 829 350 868 ,,εἰς
378 829 547 873 συλλαβήν,
575 829 806 872 ἀκατάληπτον,
837 829 1071 872 καταληκτικὸν
1100 829 1142 868 εἰς
1170 829 1364 873 δισύλλαβον,
1402 830 1635 873 καταληκτικὸν
1670 831 1711 869 εἰς
1743 829 1914 873 συλλαβήν,
1947 829 2065 874 βραχυ-

286 879 538 922 ,,κατάληκτον.“
582 879 716 923 ,ζΏσπερ
739 881 774 913 δὲ
797 881 829 913 ἐν
851 881 893 923 τῷ
917 881 1093 924 δακτυλικῷ
1116 880 1155 923 ἠν
1177 881 1212 913 τὸ
1234 881 1441 924 λογαοιδικόν,
1466 881 1546 914 οὕτω
1568 878 1628 914 κάν
1639 886 1702 920 τοῖς
1719 878 1951 921 ἀναπαιστικοῖς
1965 881 2002 914 τὸ
2021 881 2063 920 εἰς

288 931 460 974 ,,βακχεῖον
482 931 713 974 περαιούμενον,
737 931 773 964 οὔ
797 932 876 965 ἐστιν
899 932 1126 975 ἐπισημότατον
1147 932 1182 965 τὸ
1212 933 1290 976 μετὰ
1317 933 1471 975 τέσσαρας
1493 932 1592 972 πόδας
1615 931 1708 966 αὐτὸν
1734 933 1808 975 ἔχον
1829 931 1882 965 τὸν
1905 933 2065 977 βακχεῖον,

287 982 349 1023 „u'w
372 982 388 1014 ὁ
411 983 531 1025 πρῶτος
553 983 667 1026 γίνεται
689 984 744 1015 καὶ
766 984 926 1022 σπονδεῖος
948 985 1002 1015 καὶ
1024 984 1166 1027 ἴαμβος.“

286 1034 414 1076 δίμετρα
436 1034 667 1077 καταληκτικά·

285 1094 501 1137 παροιμιακόν·

488 1147 552 1178 -κτὶ
575 1145 745 1188 μεγάνορος
768 1146 865 1189 ἔξοχα
886 1146 1022 1179 πλούτου
1044 1147 1119 1190 <Ol.
1143 1148 1155 1179 I
1177 1147 1228 1188 2).

284 1204 491 1247 λογαοιδικόν·

488 1256 547 1289 ὑπὸ
572 1257 751 1300 βουθυσίαις
774 1257 900 1290 ἀέθλων
922 1269 956 1290 τε
977 1269 1054 1301 πεμ-
1077 1259 1150 1301 (Ol.
1174 1260 1202 1291 V
1224 1259 1275 1300 6).

286 1316 461 1359 μονόμετρα
483 1316 702 1360 ἀκατάληκτα·

489 1369 599 1401 ποθέω
622 1369 766 1411 στρατιᾶς
787 1370 861 1412 <ΟΙ.
885 1370 925 1402 VI
951 1370 1020 1412 16>,

491 1420 583 1462 ῥόδον
605 1417 792 1463 εὐθυμάχαν
813 1422 887 1463 (Ol.
911 1422 966 1454 Vll
991 1421 1060 1462 15>.

286 1478 474 1521 μονόμετρον
494 1477 774 1522 ὑπερκατάληκτον
797 1481 839 1519 εἰς
861 1479 1057 1523 δισύλλαβον·

486 1531 521 1562 τὸ
545 1532 599 1574 μὲν
616 1529 806 1574 Ἀρχιλόχου
830 1531 922 1574 μέλος
944 1532 1018 1576 <Ol.
1042 1533 1085 1564 IX
1110 1532 1159 1572 1).

283 1589 470 1632 μονόμετρον
492 1591 725 1633 καταληκτικὸν
747 1592 789 1630 εἰς
811 1590 981 1634 συλλαβήν·

487 1643 541 1673 καὶ
564 1641 715 1684 ἀγάνορος
737 1643 810 1684 <ΟΙ.
835 1643 877 1674 ΙΧ
901 1643 974 1682 ⁶23).

438 1798 504 1823 1-3
524 1798 595 1823 conf.
608 1798 641 1823 Η.
652 1806 700 1823 zur
709 1797 943 1824 Jacobsmuehlen
958 1797 1169 1830 Pseudo-noph.
1181 1797 1288 1831 pag.45
1322 1797 1331 1831 ΙΙ
1369 1799 1381 1823 1
1405 1796 1535 1831 ἡλιοειδὲς
1554 1797 1623 1824 ΜΗ
1654 1798 1664 1832 ss
1699 1797 1734 1824 H
1748 1798 1871 1832 inmarss.
1881 1797 1964 1824 rubro
1975 1797 2065 1825 uidit:

284 1841 465 1873 κλιμακωτὸν·
507 1841 517 1874 ΙΙ
559 1841 570 1866 1
591 1841 761 1873 κλιμακωτόν
780 1841 871 1867 littera
890 1843 967 1866 sexta
986 1848 1018 1866 ex
1037 1849 1052 1866 τ
1071 1849 1087 1866 a
1105 1841 1194 1874 prima
1212 1849 1295 1867 manu
1316 1843 1438 1868 correcta
1457 1841 1492 1867 H
1527 1840 1536 1875 11
1577 1841 1593 1867 2
1620 1841 1717 1874 προϊών
1735 1840 1762 1867 Ρ
1797 1842 1806 1876 fl
1839 1841 1858 1868 4
1883 1841 1919 1868 H
1932 1841 1960 1868 in
1978 1849 2064 1874 marg.

283 1910 365 1936 rubro
395 1910 481 1936 addit:
510 1911 682 1943 ἐμπερίβολον
728 1910 737 1944 ΙΙ
783 1910 802 1936 4
828 1907 857 1936 τὸ
886 1911 948 1943 ἔχον
974 1909 1074 1943 τινὰς]
1096 1908 1110 1935 ὃ
1131 1911 1199 1943 ἔχων
1217 1910 1289 1942 τινὰς
1307 1909 1342 1941 Ρ,
1369 1910 1425 1936 τινὰ
1444 1910 1476 1937 Κ
1520 1910 1529 1945 ΙΙ
1576 1911 1759 1944 περιστατικόν
1777 1909 1810 1937 Κ
1853 1910 1864 1945 Ι
1917 1911 1934 1937 5
1959 1876 2064 1942 πτὲῗλόἔς

333 1954 408 1979 ποιὸν
479 1951 554 1979 οὐσία
577 1954 628 1979 ποῦ’
676 1953 741 1979 πότε
2035 1949 2037 1953 ’

284 1986 307 2014 δ’
330 1989 453 2021 ἰφθίμους
472 1989 560 2021 ψυχὰς
579 1984 632 2014 ἄϊδι
649 1990 765 2021 προίαῲε
789 1987 824 2014 H
826 1998 831 2019 ;
851 1988 917 2014 item
936 1987 977 2018 M.
997 1988 1049 2014 nisi
1063 1988 1138 2022 quod
1149 1988 1176 2014 in
1189 1988 1244 2014 hoc
1262 1988 1366 2019 πολλοῖς
1384 1990 1426 2015 est
1445 1990 1472 2014 et
1491 1988 1614 2023 quinque
1631 1989 1698 2015 illae
1716 1988 1832 2015 voculae
1851 1996 1868 2014 a
1886 1987 1935 2015 M·
1952 1988 2064 2015 additae

284 2033 348 2058 sunt
383 2032 392 2065 ss
427 2029 480 2057 ἀτοι
492 2030 520 2057 P
553 2031 563 2066 ΙΙ
597 2033 726 2064 προΐαψεν
739 2030 796 2057 ΚΡ
830 2031 839 2065 ΙΙ
874 2032 890 2057 6
904 2039 964 2065 sqq.
984 2031 1019 2057 ad
1033 2031 1069 2064 ἐξ
1081 2031 1185 2057 20—28
1203 2031 1274 2058 conf.
1294 2031 1326 2058 H.
1344 2039 1392 2058 zur
1403 2031 1636 2058 Jacobsmuehlen
1656 2031 1866 2066 Pseudo-Heph.
1885 2039 1948 2066 pag.
1967 2030 2009 2063 78,
2028 2030 2064 2058 ad

286 2074 321 2108 ἓξ
332 2074 435 2101 20-26
446 2074 517 2101 conf.
528 2074 558 2100 L.
569 2073 648 2101 Voltz
658 2075 676 2101 l.
687 2082 709 2100 c.
720 2082 782 2108 pag.
793 2074 834 2100 38.
844 2074 878 2100 43
914 2074 923 2108 [Ι
957 2075 974 2100 6
987 2072 1044 2099 ΚΡ
1056 2075 1128 2100 hunc
1138 2074 1247 2101 titulum
1257 2075 1423 2109 praefigunt:
1443 2078 1502 2109 περὶ
1515 2077 1562 2102 τοῦ
1572 2073 1764 2102 ἀναπαιστικοῦ
1771 2085 1776 2102 :
1787 2091 1821 2094 —
1856 2075 1866 2111 Ι
1901 2076 1917 2102 6
1936 2082 1997 2110 sqq.
2015 2074 2065 2106 Ea,

285 2126 357 2151 quae
375 2118 439 2144 inde
459 2118 494 2144 ab
512 2118 566 2144 hoc
584 2126 666 2144 versu
685 2119 719 2144 ad
739 2118 853 2144 verbum
871 2125 904 2144 ex
916 2117 1131 2152 Hephaestionis
1149 2118 1300 2145 enchiridio
1319 2119 1482 2152 deprompta
1500 2121 1572 2150 sunt,
1586 2119 1629 2145 his
1648 2119 1733 2153 signis
1753 2139 1768 2150 „
1787 2122 1802 2132 ‘¹
1822 2118 2022 2154 circumscripsi
2056 2118 2066 2152 Ι

285 2162 300 2188 6
311 2170 327 2187 a
336 2162 365 2187 τὸ
376 2159 565 2187 ἀναπαιστικόν
574 2161 626 2188 inc.
638 2161 686 2188 fol.
696 2161 729 2187 87
738 2168 749 2182 r
757 2161 784 2187 P
810 2160 820 2196 11
848 2161 916 2187 6-7
926 2161 1084 2188 nominihus
1094 2162 1196 2196 pedum
1206 2162 1391 2195 superscripta
1401 2163 1465 2188 sunt
1477 2162 1646 2196 syllabarum
1659 2163 1801 2188 schemata
1810 2162 1838 2188 in
1852 2161 1889 2188 M
1910 2162 1920 2196 fl
1947 2162 1962 2188 7
1970 2156 2075 2196 ῖαμβον’

283 2213 443 2239 perversum
461 2205 573 2238 quidem
593 2206 642 2236 est,
662 2206 752 2231 exstat
770 2207 862 2231 tamen
882 2205 964 2231 etiam
982 2205 1011 2231 in
1029 2205 1243 2239 Hephaestionis
1272 2204 1413 2232 codicibus
1439 2205 1614 2239 interpolatis
1658 2205 1668 2240 ss
1712 2206 1728 2231 9
1755 2203 1954 2240 ἀκατάληπτον,
1979 2213 2065 2231 κατα-

284 2249 411 2281 ληκτικὸν
430 2250 467 2279 εἰς
486 2248 650 2282 δισύλλαβον,
668 2248 868 2281 καταληκτικὸν
886 2250 923 2279 εἰς
942 2247 1075 2282 συλλαβήν
1093 2248 1309 2282 Hephaestionis
1323 2248 1432 2275 codices
1445 2248 1628 2283 interpolati]
1647 2246 1846 2282 ἀκατάληπτον,
1863 2249 2064 2282 κατὰληκτικόν

284 2292 346 2325 (inc.
367 2292 414 2318 fol.
433 2291 503 2317 211r
522 2291 567 2325 H)
587 2294 624 2323 εἰς
643 2291 784 2325 συλλαβήν,
808 2291 1009 2325 καταληκτικόν
1031 2294 1067 2323 εἰς
1089 2292 1245 2325 δισύλλαβον
1269 2290 1348 2323 ΜΗ;
1365 2292 1566 2325 καταληκτικὸν
1584 2294 1622 2324 εἰς
1640 2292 1797 2324 δισύλλαβον
1815 2290 1924 2326 (ceteris
1942 2291 2063 2326 omissis)

283 2333 340 2360 KP
374 2333 383 2368 n
419 2335 451 2360 10
470 2334 504 2360 ab
523 2333 610 2367 ὥσπερ
629 2334 681 2360 inc.
693 2334 740 2360 fol.
754 2334 822 2360 187v
839 2333 876 2360 M
907 2334 916 2369 fl
951 2335 1067 2368 api-iore
1080 2335 1109 2360 τὸ
1124 2335 1176 2362 inc.
1187 2335 1235 2362 fol.
1248 2335 1298 2362 lor
1315 2334 1348 2361 Κ
1379 2335 1389 2370 ΙΙ
1423 2333 1568 2369 λογαοικὸν
1586 2334 1713 2362 ΚΡΜΗ
1743 2335 1753 2370 fl
1787 2334 1839 2361 κᾶν
1857 2334 1894 2362 H
1921 2334 1934 2370 Ι
1966 2335 1996 2361 τὸ
2010 2335 2064 2370 εἰς]

284 2386 329 2411 τὸν
348 2388 384 2417 εἰς
402 2385 429 2411 P
472 2386 481 2421 ΙΙ
526 2386 554 2412 11
586 2379 709 2421 βᾶκῇεῗον
736 2385 806 2412 ΜΗ
845 2386 854 2421 ss
897 2386 1114 2420 περιαιρούμενον
1140 2387 1167 2413 Ρ
1214 2387 1223 2421 ΙΙ
1274 2389 1341 2413 &cxlv
1367 2385 1424 2414 KP
1463 2387 1473 2421 ΙΙ
1516 2387 1668 2422 τέσσαρας]
1683 2381 1709 2413 ’δ’
1728 2386 1762 2419 Ρ,
1781 2387 1802 2414 δ’
1822 2386 1855 2414 Κ
1883 2384 1896 2423 ss
1929 2387 1992 2421 ἕχον
2009 2386 2062 2425 Ηφ-

285 2447 456 2481 phaestionis
476 2446 585 2473 codices
603 2447 785 2481 interpolati]
805 2448 874 2480 ἔχειν
892 2446 1019 2474 ΚΡΜΗ
1057 2447 1067 2482 ΙΙ
1109 2449 1141 2475 13
1159 2430 1271 2482 &cauponi
1286 2447 1318 2474 K
1364 2447 1373 2482 ΙΙ
1420 2449 1623 2482 καταληκτικόν
1640 2448 1672 2475 Κ
1689 2450 1764 2483 (ante
1778 2448 1924 2482 λογαδιπόν
1940 2455 2012 2475 vers.
2033 2448 2064 2475 16
2121 2457 2122 2460 ¹

285 2490 427 2524 scriptum)
462 2490 472 2524 ΙΙ
514 2491 546 2516 15
564 2498 606 2516 κτι
623 2489 662 2522 Κ,
680 2493 723 2516 κτί
740 2490 767 2516 Ρ
810 2492 820 2525 ΙΙ
863 2491 897 2517 16
915 2491 1060 2525 λογαόικόν
1077 2491 1205 2518 ΚΡΜΗ
1243 2491 1254 2526 ss
1298 2492 1330 2518 17
1348 2490 1399 2517 ὖπό
1418 2490 1446 2517 Ρ
1483 2491 1493 2526 ss
1534 2493 1679 2524 βουθισίαις
1696 2490 1731 2518 Κ
1769 2491 1780 2526 ΙΙ
1822 2499 1852 2518 τι
1869 2491 1944 2526 um]
1963 2498 2012 2524 ομ
2029 2490 2065 2524 Ρ,

285 2536 313 2559 τὲ
326 2536 378 2567 πέμ
398 2533 438 2564 Μ,
458 2536 486 2559 τέ
505 2536 557 2567 πέμ
576 2533 610 2559 Η
641 2534 651 2568 ΙΙ
688 2535 720 2560 19
738 2534 862 2567 στρατιάς
879 2533 977 2561 ΡΜΗ
1008 2535 1017 2569 ΙΙ
1052 2535 1087 2561 20
1106 2533 1261 2568 εὖθυμοιχάν
1280 2533 1406 2561 ΚΡΜΗ
1437 2534 1447 2570 ΙΙ
1481 2535 1512 2568 21
1535 2535 1685 2568 μονόμετρα
1703 2533 1730 2561 Ρ
1764 2535 1774 2570 fl
1807 2535 1843 2561 23
1860 2534 2012 2568 μονόμετρα
2027 2533 2064 2566 F.
