2138 2748
204 812 242 834 10-

1146 238 1185 269 18

476 340 520 373 τώ
543 339 575 372 δ’
598 341 631 372 ἐν
653 340 804 383 Μεσσήνῃ
827 340 1006 384 ξυμβλήτην
1029 337 1191 383 ἀλλήλοισι
1213 341 1257 382 <φ
1283 340 1353 381 15>·

274 393 385 431 πάντες
412 391 474 435 γὰρ
504 392 533 423 οἱ
559 391 653 430 πόδες
679 391 778 434 πάρεξ
804 392 859 424 τοῦ
886 391 1076 434 τελευταίου,
1105 388 1275 434 ἀδιάφορος
1303 390 1364 434 γὰρ
1394 390 1494 432 οὗτος,
1523 391 1583 423 ἶσοι
1610 391 1799 434 τυγχάνουσι
1819 397 1882 431 τοῖς
1905 392 2055 436 μεγέθεσι

273 445 333 476 τῶν
356 443 528 486 συλλαβῶν.

274 492 554 537 ἀπηρτισμένος
576 491 593 525 6
620 493 677 537 τὴν
702 497 806 527 πᾶσαν
835 494 952 527 ἔννοιαν
979 493 1218 538 περιλαμβάνων
1248 494 1280 526 ἐν
1309 493 1409 536 ἑαυτῷ
1437 494 1493 525 καὶ
1520 492 1564 536 μή
1586 494 1768 537 περιορίζων
1789 493 1846 537 τὴν
1867 495 1928 527 τῶν
1949 491 2056 527 ἄλλων

274 546 388 589 στίχων
409 547 527 578 ἔννοιαν
549 545 580 578 ὲν
602 548 646 588 τῷ
670 545 735 588 ἰδίῳ
759 545 860 588 μέτρῳ
883 545 905 588 ἦ
929 545 1104 579 ἐπιπλέκων
1126 546 1164 588 τῇ
1187 545 1243 588 τῆς
1266 544 1382 583 ἐννοίας
1403 543 1578 587 περιλήψει·

477 595 518 635 ὣς
541 590 638 629 εἰπών’
656 596 784 630 πυλάων
807 597 950 636 ἐξέσσυτο
973 597 1116 640 φαίδιμος
1130 596 1258 639 Ἕκτωρ
1280 596 1331 639 <Η
1356 595 1405 637 1>.

274 645 470 690 ἀκέφαλος
493 645 510 680 6
533 644 595 680 ἀπὸ
619 648 770 691 βραχείας
791 644 976 692 ἀρχόμενος·

479 699 546 731 ἐπεὶ
568 697 598 731 δ’
624 699 663 731 αὖ
687 699 764 742 νῆάς
785 711 820 732 τε
841 701 897 731 καὶ
915 698 1150 742 Ἑλλήσποντον
1172 700 1275 732 ἵκοντο
1297 698 1355 741 <Ψ
1377 699 1429 740 92).

274 750 444 794 λαγαρὸς
467 750 484 783 6
506 750 590 783 κατὰ
611 751 646 783 τὸ
672 750 765 793 μέσον
787 753 842 783 τοῦ
865 751 973 794 στίχου
995 750 1052 793 τὴν
1075 747 1280 793 ὀφειλομένην
1303 749 1448 783 σύνθεσιν
1471 749 1515 793 μή
1539 748 1656 789 σώζων·

478 801 622 844 Νέστορα
644 800 672 834 δ’
699 799 759 834 οὐκ
781 802 898 835 ἔλαθεν
922 802 998 845 ἰαχὴ
1021 802 1147 835 πίνοντά
1169 812 1228 844 περ
1251 801 1353 844 ἔμπης
1376 801 1424 844 <Ξ
1450 801 1500 843 1>.

276 854 454 897 μείουρος
482 852 499 885 6
522 853 605 885 κατὰ
627 852 662 885 τὸ
684 853 773 891 τέλος
794 852 851 894 τὴν
874 853 1018 886 σύνθεσιν
1041 853 1084 896 μὴ
1108 853 1225 894 σώζων,
1241 853 1298 895 τήν
1312 852 1580 895 παρατελευταίαν
1601 852 1763 895 συλλαβὴν
1785 852 1937 895 βραχεῖαν
1961 853 2054 896 ἔχων·

478 905 584 947 Τρῶες
607 905 624 936 δ
662 905 839 948 ἐρρίγησαν,
863 905 931 937 ἐπεὶ
951 905 1017 938 ἴδον
1040 904 1146 938 αἰόλον
1168 904 1236 947 ὄφιν
1257 904 1312 946 <Μ
1334 903 1429 945 208>-

109 963 144 996 (p.
155 963 206 989 326
219 962 261 996 G.)
276 956 292 989 6
314 956 376 999 γὰρ
400 957 432 989 ἐν
453 956 534 989 τέλει
556 956 633 995 ποὺς
655 955 717 988 ἀπὸ
742 956 893 1000 βραχείας
916 955 1086 999 ἀρξάμενος
1108 956 1274 999 μειοῦσθαι
1295 960 1380 988 ποιεῖ
1397 955 1433 988 τὸ
1458 954 1461 997 Ι
1486 954 1575 994 τέλος
1597 955 1652 987 τοῦ
1675 955 1795 998 στίχου.

203 1070 237 1092 15

200 1327 236 1350 20

202 1583 238 1607 25

275 1007 420 1051 τραχύς
443 1009 522 1041 ἐστιν
545 1005 561 1040 6
583 1007 640 1050 τὴν
663 1008 774 1050 φράσιν
796 1007 957 1051 τραχύνων
979 1007 1030 1040 διὰ
1051 1008 1107 1051 τῆς
1129 1008 1189 1041 τῶν
1211 1007 1394 1050 φωνηέντων
1417 1006 1590 1049 συνθήκης·

476 1058 595 1102 τριχθά
617 1070 651 1091 τε
673 1060 728 1091 καὶ
749 1058 916 1101 τετραχθὰ
938 1059 1102 1101 διατρυφὲν
1124 1060 1241 1092 ἔκπεσε
1261 1058 1367 1101 χειρός
1388 1058 1434 1101 <Γ
1458 1058 1554 1100 363>.

275 1110 543 1153 μαλακοειδής
566 1111 582 1143 ὁ
604 1110 695 1149 λείως
717 1112 772 1142 καὶ
793 1107 919 1154 ὁμαλῶς
943 1110 1099 1154 ἐμπίπτων
1121 1115 1187 1150 ταῖς
1209 1107 1328 1149 ἀκοαῖς·

478 1162 584 1205 αἵματί
605 1162 635 1194 οἱ
656 1161 782 1195 δεύοντο
804 1161 901 1205 κόμαι
922 1162 1109 1204 Χαρίτεσσιν
1130 1159 1234 1205 ὁμοῖαι
1255 1161 1302 1205 <Ρ
1324 1162 1398 1203 51>.

274 1212 519 1255 κακόφωνος,
543 1213 567 1256 ᾤ
590 1213 694 1245 πολλὰ
716 1213 879 1256 φωνήεντα
901 1213 1056 1256 πρόσεστι·

477 1264 545 1308 φήῃ
569 1264 786 1308 ἀθηρηλοιγὸν
809 1266 892 1308 ἔχειν
915 1264 975 1297 ἀνὰ
997 1265 1132 1308 φαιδίμῳ
1156 1264 1231 1307 ὤμῳ
1253 1264 1294 1306 <λ
1319 1264 1411 1305 127>.

274 1315 479 1358 λογοειδὴς
502 1313 519 1348 ὁ
540 1316 580 1359 τῇ
603 1316 748 1349 συνθέσει
769 1316 944 1359 πεζότερος·

479 1369 589 1407 ἵππους
611 1369 647 1400 δὲ
668 1368 787 1407 ξανθὰς
810 1368 923 1400 ἑκατὸν
944 1369 1000 1400 καὶ
1020 1366 1215 1410 πεντήκοντα
1236 1366 1287 1409 <Λ
1310 1367 1404 1407 679>.

274 1419 518 1461 προκέφαλος
541 1419 558 1452 6
582 1420 664 1462 ἔχων
685 1419 781 1452 πλέον
801 1420 858 1462 τῆς
879 1419 1108 1462 τετραχρονίας·

477 1470 499 1512 ἠ
523 1468 584 1513 οὐχ
606 1468 672 1509 ἅλις
695 1468 758 1503 ἕττι
779 1475 929 1513 γυναῖκας
951 1467 1122 1508 ἀνάλκιδας
1143 1466 1350 1512 ἠπεροπεύεις
1371 1469 1420 1511 <E
1444 1469 1538 1510 349>

276 1522 442 1564 σφηκίας
465 1521 482 1554 6
504 1522 727 1565 ἐσφηκωμένος
749 1521 832 1554 κατὰ
853 1522 889 1554 τὸ
913 1522 1015 1565 μέσον·

478 1573 500 1615 ἤ
523 1572 634 1606 λάθετ’
659 1573 680 1616 ἦ
704 1573 763 1606 οὐκ
785 1572 922 1616 ἐνόησεν,
945 1570 1087 1606 ἀάσσατο
1110 1574 1146 1605 δὲ
1169 1572 1250 1616 μέγα
1272 1573 1365 1615 θυμῷ
1387 1571 1425 1614 <Ι
1448 1572 1542 1613 533).

274 1712 417 1738 Rauscher
430 1710 477 1738 ‘de
496 1711 611 1738 scholiis
629 1711 781 1738 Homericis
801 1712 836 1738 ad
855 1720 912 1738 reni
931 1711 1071 1738 metricam
1091 1708 1301 1745 pertinentibus’
1323 1709 1497 1744 Argentorati
1517 1710 1584 1736 1886
1602 1718 1664 1744 pag.
1677 1710 1789 1736 50-54.
1802 1710 1837 1736 20
1849 1718 1899 1749 sq..
1916 1709 1949 1737 Η.
1963 1709 2058 1737 Gross-

274 1759 358 1781 mann
373 1755 390 1781 l.
401 1764 423 1781 c.
434 1764 496 1789 pag.
506 1755 609 1781 asse—426
620 1755 714 1789 (atque
725 1755 807 1781 etiam
818 1763 879 1789 pag.
889 1755 1004 1787 36—44)
1039 1755 1049 1789 ΙΙ
1084 1763 1146 1788 pag.
1159 1755 1239 1785 1736
1250 1754 1285 1781 H
1294 1754 1322 1780 in
1333 1762 1418 1788 marg.
1429 1754 1511 1780 rubro
1522 1753 1611 1780 addit:
1625 1755 1681 1787 εἴδη
1695 1754 1741 1779 τοῦ
1754 1752 1872 1787 ἡρωϊκοῦ
1886 1755 1914 1780 et
1926 1753 2058 1788 deinceps

274 1798 411 1832 ἰσόχρονος
458 1798 467 1832 ΙΙ
523 1799 534 1824 1
565 1799 636 1825 conf.
655 1799 687 1825 H.
707 1799 877 1825 Grossmann
896 1799 914 1825 l.
933 1807 955 1824 e.
975 1807 1036 1832 pag.
1055 1798 1091 1825 48
1109 1807 1150 1832 sq.
1195 1797 1204 1832 ΙΙ
1247 1798 1277 1824 τὸ
1295 1797 1331 1831 Ρ,
1350 1797 1387 1824 τώ
1406 1796 1475 1823 MH
1513 1796 1523 1831 ΙΙ
1567 1796 1723 1830 ξυμβλήτοιν
1741 1795 1811 1823 ΜΗ
1849 1796 1860 1831 Ι
1903 1793 2058 1830 ἀλλήλοισιν

274 1841 301 1868 Ρ
353 1841 362 1875 ΙΙ
413 1842 448 1868 ab
467 1840 606 1875 ἀλλήλοισι
623 1842 675 1868 inc.
696 1842 743 1868 fol.
762 1843 829 1868 209v
847 1841 882 1868 H
929 1841 939 1876 ΙΙ
992 1842 1008 1868 2
1027 1843 1110 1875 παρὲξ
1128 1841 1155 1867 Ρ
1207 1841 1217 1875 ΙΙ
1268 1838 1433 1876 ἀδιάφο(ὶηο.
1453 1840 1501 1867 fol.
1520 1840 1613 1874 8ν)ρος
1631 1839 1663 1867 Κ
1704 1840 1714 1875 ΙΙ
1752 1842 1804 1866 ἶσοι
1822 1839 1859 1866 M
1899 1839 1910 1874 Ι
1953 1840 1988 1867 ab
2005 1841 2058 1866 Ισοι

1136 1887 1163 1911 ὲν
1251 1886 1273 1911 ὦ

275 1920 326 1946 inc.
346 1920 394 1946 fol.
413 1920 466 1946 86r
482 1919 510 1945 P
544 1919 553 1954 ΙΙ
587 1920 758 1953 τυγχάνουσιν
777 1920 812 1947 Η
843 1920 852 1954 [Ι
895 1920 914 1945 4
941 1921 967 1945 ἐν
987 1918 1058 1945 αὐτῶ
1076 1919 1111 1952 Ρ,
1133 1922 1170 1952 εἰς
1188 1920 1283 1946 ἑαυτὸν
1301 1919 1336 1946 H
1356 1928 1373 1946 a
1391 1919 1480 1953 prima
1497 1927 1581 1945 manu
1616 1918 1625 1952 ΙΙ
1659 1918 1730 1945 4-5
1759 1918 1832 1945 conf.
1851 1919 1881 1945 L.
1900 1918 1981 1946 Voltz
1998 1919 2016 1946 l.
2036 1927 2059 1946 c.

275 1972 336 1997 pag.
356 1963 390 1989 32
425 1962 434 1997 ΙΙ
469 1964 485 1989 6
513 1962 548 1994 ὡς
566 1962 593 1989 Ρ
627 1962 636 1997 ΙΙ
671 1963 779 1989 πυλάων
798 1962 925 1990 ΚΡΜΗ
939 1965 967 1989 et
984 1963 1196 1997 Pseudo-Heph.
1217 1964 1233 1997 5
1252 1962 1330 1998 28³]
1349 1964 1452 1989 πυλέων
1469 1962 1606 1989 Homerus
1640 1961 1650 1996 ss
1685 1962 1702 1988 8
1732 1963 1789 1987 ἐπεὶ
1807 1959 1829 1987 δ’
1843 1961 1878 1988 αὖ
1895 1961 1979 1997 ΚΡ]
2002 1963 2061 1988 ὁποι

275 2006 348 2039 ΜΗ,
367 2006 457 2040 ἐπειδὴ
477 2006 612 2032 Homerus
651 2006 660 2040 ΙΙ
688 2007 755 2040 νῆας
773 2005 900 2033 ΚΡΜΗ
932 2006 942 2041 ΙΙ
977 2006 1140 2039 έλλήσποντο
1159 2006 1200 2038 Μ,
1220 2006 1383 2040 ἑλλήσποντο
1401 2007 1413 2032 ἲ
1432 2005 1467 2032 Η
1514 2005 1524 2039 ΙΙ
1575 2006 1665 2031 ῑκοντο
1689 2013 1722 2031 ex
1745 2007 1848 2031 εῑκοντο
1871 2007 1902 2032 ut
1918 2005 2026 2032 videtui·
2043 2014 2061 2032 a

275 2050 363 2084 prima
390 2058 473 2076 manu
501 2052 653 2076 correctum
680 2049 714 2076 H
756 2049 766 2084 ΙΙ
813 2051 829 2076 9
856 2047 1016 2083 ὁφιλομένην
1041 2049 1069 2075 Ρ
1103 2049 1113 2083 ΙΙ
1150 2050 1183 2076 10
1201 2058 1218 2076 a
1235 2051 1347 2082 νέστορα
1365 2049 1564 2076 inc.sol.1861
1583 2047 1620 2074 M
1651 2047 1660 2082 Ι]
1698 2048 1727 2074 11
1748 2050 1871 2082 μείουρος
1889 2056 1924 2075 ex
1940 2048 2060 2083 μήουρος

277 2102 293 2119 a
316 2093 404 2126 prima
424 2101 510 2119 manu
536 2095 687 2119 correctum
711 2092 746 2119 H
794 2093 803 2127 ΙΙ
855 2093 885 2118 τὸ
904 2093 981 2124 τέλος
999 2093 1046 2126 τὴν
1065 2092 1183 2119 σύνθεσιν
1206 2093 1304 2127 scripsi
1328 2093 1355 2119 in
1380 2092 1473 2119 annal.
1492 2092 1627 2126 philolog.
1646 2100 1670 2118 a.
1692 2092 1759 2118 1867
1778 2100 1840 2126 pag.
1859 2092 1911 2118 619
1929 2091 1994 2127 sq.]
2012 2092 2060 2126 τήν

276 2136 394 2162 σύνθεσιν
412 2137 441 2162 τὸ
461 2138 538 2168 τέλος
555 2135 682 2162 ΚΡΜΗ
705 2138 732 2162 et
755 2136 967 2170 Pseudo-Heph.
987 2136 1003 2169 ἓ
1023 2137 1092 2168 28a;
1111 2136 1205 2170 itaque
1224 2137 1277 2163 hoc
1295 2136 1391 2163 vitium
1406 2135 1548 2162 'Tractatu
1565 2133 1726 2162 Harleiano'
1749 2135 1890 2170 antiquius
1908 2135 2016 2163 videtur
2049 2135 2075 2170 Ι·

277 2182 401 2213 βραχείαν
420 2179 456 2206 Μ
496 2179 505 2214 ΙΙ
555 2180 587 2206 12
615 2179 695 2214 ἐπεὶ]
715 2180 786 2206 conf.
806 2179 908 2206 Anecd.
928 2179 989 2206 Var.
1008 2180 1019 2205 I
1038 2188 1100 2213 pag.
1122 2180 1171 2206 189
1189 2180 1252 2206 adn.
1274 2180 1305 2205 17
1358 2178 1368 2213 Ι]
1420 2181 1489 2204 εἶδον
1507 2178 1543 2204 Η
1589 2177 1599 2212 ΙΙ
1653 2180 1744 2204 αϊολον
1763 2177 1832 2205 MH
1879 2178 1890 2214 Ι
1942 2179 1975 2205 13
1992 2180 2060 2211 ποῦς

275 2223 371 2250 ΡΜΗ
401 2222 410 2257 ΙΙ
447 2223 480 2249 14·
497 2223 618 2258 τραχύς]
656 2223 739 2256 ραχύς
752 2223 936 2257 praecedente
949 2223 1039 2256 spatio
1053 2223 1087 2249 ad
1102 2223 1212 2249 rubram
1225 2223 1345 2249 litteram
1359 2222 1559 2256 capessendam
1572 2221 1607 2248 H
1638 2222 1648 2257 u
1683 2224 1749 2248 ἐστὶν
1759 2221 1827 2248 KM
1849 2221 1859 2256 Ι
1888 2222 2059 2257 φωνηέντων]

276 2267 344 2293 nihil
363 2269 469 2293 mutare
488 2267 574 2293 satius
594 2267 671 2298 duxi;
691 2267 763 2293 conf.
782 2266 994 2300 Pseudo-Heph.
1014 2266 1030 2300 ξ
1050 2266 1084 2292 28
1092 2273 1113 2297 a,
1133 2267 1224 2293 annal.
1244 2266 1378 2301 philolog.
1399 2274 1422 2292 a.
1439 2266 1504 2292 1867
1523 2274 1585 2299 pag.
1598 2266 1647 2292 621
1663 2274 1704 2299 sq.
1740 2265 1750 2300 ss
1787 2266 1818 2292 15
1837 2266 1971 2299 διατριφδν
1989 2263 2060 2298 ΡΜ,

276 2307 409 2343 διάτριφὲν
436 2319 471 2337 an
495 2309 628 2343 διὰτριφὲν
655 2310 788 2337 incertum
815 2309 851 2336 H
881 2310 891 2344 ΙΙ
928 2310 959 2336 17
977 2311 1109 2343 χαρίτεσιν
1127 2309 1224 2336 ΡΜΗ
1253 2309 1263 2343 n
1309 2309 1400 2343 ὅμοιαι
1416 2308 1444 2335 Ρ
1489 2308 1498 2343 ΙΙ
1546 2309 1579 2335 18
1597 2308 1632 2335 Η
1646 2309 1674 2335 in
1693 2318 1778 2343 marg.
1797 2310 1951 2336 atramento
1970 2308 2060 2335 addit:

276 2353 435 2386 κακόφωνος
470 2353 479 2388 ΙΙ
517 2354 548 2380 19
567 2355 642 2387 φῆρα
660 2354 824 2387 θηραλοιγὸν
843 2352 908 2386 KP,
926 2355 1001 2387 φῆρα
1019 2353 1204 2387 φθηραλοιγόν
1222 2351 1292 2379 MH
1322 2353 1332 2387 ΙΙ
1367 2353 1491 2385 φαιδιαίῳ
1509 2351 1542 2378 Κ
1582 2351 1591 2384 ΙΙ
1632 2352 1667 2378 20
1685 2361 1726 2386 sq.
1746 2353 1817 2379 conf.
1837 2352 1868 2379 G.
1885 2351 1981 2379 Amsel
1999 2351 2017 2379 l.
2036 2360 2060 2379 c.

277 2405 338 2431 pag.
351 2397 380 2423 71
418 2396 427 2431 ΙΙ
462 2398 497 2423 20
514 2397 675 2431 λογοειδής]
747 2397 870 2431 ογοειδής
879 2397 1062 2431 praecedente
1073 2397 1163 2431 spatio
1174 2397 1209 2423 ad
1218 2396 1330 2423 rubram
1340 2396 1459 2422 litteram
1473 2396 1673 2429 capessendam
1686 2395 1722 2422 H
1751 2395 1761 2430 ΙΙ
1796 2395 1830 2422 22
1848 2395 1996 2430 προκᾶίιιο.
2011 2395 2060 2422 fol.

278 2466 446 2499 21οῐ)φαλος
464 2466 499 2492 Η
538 2466 547 2501 ΙΙ
591 2468 768 2500 τετραγωνίας
786 2466 818 2493 K
859 2466 868 2501 {l
911 2467 945 2493 23
971 2466 1012 2492 ὅτι
1030 2466 1126 2501 KPH,
1153 2466 1194 2492 ὅτι
1211 2474 1234 2491 τι
1253 2465 1371 2499 (duabus
1390 2465 1494 2491 ultimis
1514 2465 1611 2491 litteris
1631 2465 1740 2499 deletis)
1759 2464 1795 2492 M
1835 2465 1845 2500 Ι
1884 2438 2061 2498 ΙΕτιιοροτῑιύοιις

279 2509 340 2544 (sic)
360 2509 394 2536 H
409 2518 425 2536 a
443 2510 532 2544 prima
550 2519 634 2537 manu
669 2510 679 2545 ΙΙ
713 2510 747 2536 24
765 2519 782 2537 a
800 2512 917 2544 σφηκίας
935 2509 987 2536 inc.
1007 2510 1054 2536 fol.
1074 2511 1109 2536 9r
1126 2509 1159 2536 K
1189 2507 1198 2543 ΙΙ
1235 2510 1269 2536 25
1287 2506 1393 2535 ἀάσατο
1412 2508 1449 2542 K,
1467 2505 1588 2534 οἱασσατο
1607 2508 1643 2535 Η

2130 1107 2138 1177 -un-
2135 1075 2138 1088 ..
