2138 2748
1802 244 1843 276 33

229 320 504 354 RUDOLPHUS
529 322 795 363 VOLTOLINI,
819 324 877 358 Dr.
902 326 937 359 P.
958 325 994 359 P.
1017 326 1056 359 E.
1107 326 1278 359 Publice
1301 328 1326 360 1.
1364 329 1541 360 Anatomen
1568 331 1683 370 oryani
1715 330 1842 361 auditus

79 375 184 417 quoad
209 374 333 408 morbos
360 374 500 407 eiusdem
527 374 638 407 tradet
664 374 696 408 d.
719 375 803 410 Lun.
831 376 864 409 h.
888 376 946 410 IV.
991 377 1280 410 Privatissime
1307 378 1348 411 II.
1391 379 1525 412 Ciu-sum
1553 380 1844 421 larynyoscopicum

78 428 107 458 et
127 425 381 467 rhinoscopicum
403 425 556 458 instituet
579 425 630 457 bis
654 437 714 469 per
735 426 837 460 hebd.
860 428 893 461 h.
917 427 982 460 def.

228 493 499 527 LEOPOLDUS
531 494 792 533 AUERBACH,
838 497 894 529 Dr.
928 496 963 530 P.
998 496 1034 530 P.
1068 496 1108 528 Ε.
1174 497 1346 529 Publice
1380 498 1405 531 I.
1449 501 1496 532 De
1517 501 1725 542 microscopio
1748 504 1777 531 et
1805 502 1843 532 de

77 545 228 578 methodis
256 546 406 579 technicis
428 547 703 587 ineestiyationum
724 548 1024 590 microscopicarum
1047 547 1190 581 disseret
1219 550 1320 581 semel
1345 561 1404 592 per
1430 550 1530 582 hebd.
1577 551 1772 583 Privatim
1803 550 1842 584 11.

77 597 330 630 Exercitationes
353 598 554 639 histoloyicas
577 598 806 631 moderabitur
829 599 880 631 bis
903 610 964 642 per
986 599 1087 633 hebd.

229 665 516 699 HERMANNUS
542 666 804 700 LUDOVICUS
835 666 972 705 COHN‚
1002 667 1059 699 Dr.
1082 667 1118 701 P.
1139 668 1174 701 P.
1203 668 1243 702 Ε.
1287 668 1457 701 Publice
1480 669 1505 702 I.
1550 671 1598 702 De
1620 671 1749 711 hyyiene
1771 680 1843 702 ocu·

79 718 182 752 lorum
214 728 321 751 coram
353 718 505 751 studiosis
539 719 676 750 omnium
703 719 851 751 ordinum
884 718 1027 750 disseret
1053 719 1085 752 d.
1120 720 1222 753 Mero.
1252 720 1284 752 h.
1309 720 1365 753 VI.
1410 720 1605 752 Privatim
1629 721 1669 754 II.
1709 722 1843 754 (horsum

75 769 589 852 ζρήιήαἶψζεοορίοέηιᾶίἳειίωθῐ
605 769 637 802 d.
660 770 758 803 Mart.
783 774 816 802 et
840 770 922 804 Ven.
948 771 979 802 h.
1004 771 1059 804 IV.
1082 771 1138 804 111.
1166 773 1394 814 Repetitorium
1416 772 1728 814 ophthalmotoyicum
1750 777 1843 815 reget

99 819 128 852 is
150 827 212 863 per
259 820 335 853 ebd.
384 846 390 854 .
440 831 502 866 e..

225 888 488 922 RICHARDUS
513 889 815 927 GSCHEIDLEN,
839 890 897 924 Dr.
913 890 949 923 P.
965 890 1001 924 P.
1017 890 1056 922 E.
1094 890 1268 923 Publice
1292 891 1316 925 Ι.
1345 893 1394 925 De
1415 893 1587 924 nutritione
1602 896 1630 924 et
1643 893 1843 925 nutrimentis

77 950 246 983 eorumque
269 942 497 974 adulteratione
521 941 665 973 disseret
687 941 790 973 semel
813 941 845 975 d.
868 942 966 975 Mart.
990 942 1022 975 h.
1046 942 1086 975 II.
1138 942 1335 974 Privatim
1350 943 1390 976 11.
1427 943 1585 975 Chemiam
1595 944 1844 985 physiotoyicam

77 990 215 1024 docebit
237 991 269 1025 d.
294 991 362 1026 Sat.
387 992 419 1026 h.
445 992 504 1024 VI.
529 998 561 1024 et
583 992 658 1026 V11.
702 993 759 1026 III.
804 994 968 1035 Hyyienen
987 994 1146 1036 publicam
1174 995 1494 1026 demonstrationibus
1521 995 1711 1027 illustratam
1735 995 1844 1027 tradet

76 1041 108 1076 d.
142 1043 224 1077 Lun.
255 1048 288 1076 et
314 1044 417 1077 Merc.
451 1044 484 1078 h.
512 1044 553 1076 ΙΙ.
598 1044 886 1077 Privatissime
918 1044 976 1077 IV.
1020 1046 1272 1078 Exercitationes
1295 1045 1440 1086 byyienes
1469 1046 1503 1078 in
1524 1047 1650 1079 modum
1678 1047 1844 1079 seminarii

75 1095 299 1128 instituendas
322 1107 438 1139 regere
461 1100 579 1140 perget
601 1096 703 1128 semel
726 1106 787 1139 per
808 1096 910 1129 hebd.
933 1096 966 1130 h.
990 1096 1055 1128 def.

225 1164 440 1197 AEMILIUS
463 1164 675 1202 RICHTER,
700 1165 758 1198 Dr.
779 1165 815 1198 P.
838 1165 873 1198 P.
892 1165 930 1198 E.
975 1165 1146 1198 Publice
1177 1165 1199 1198 l.
1230 1167 1278 1198 De
1305 1166 1424 1198 morbis
1451 1166 1636 1207 genitalium
1664 1170 1693 1198 et
1719 1167 1843 1198 vesicae

73 1216 240 1249 urinariae
271 1217 413 1249 virorum
447 1216 590 1249 disseret
623 1216 726 1249 semel
754 1227 815 1260 per
848 1216 949 1250 hebd.
984 1217 1016 1250 h.
1051 1217 1115 1249 def.
1162 1217 1355 1249 Privatim
1383 1218 1424 1250 II.
1479 1218 1667 1259 Chirurqiae
1694 1218 1841 1259 specialis

68 1270 193 1309 partem
206 1268 338 1300 alteram
350 1269 489 1307 (morbos
502 1269 692 1310 abdominis,
705 1269 821 1310 pelvis,
839 1270 1068 1302 eoetremitatum
1079 1270 1282 1310 inferiorum)
1295 1269 1456 1301 tractabit
1470 1274 1520 1301 ter
1540 1280 1600 1311 per
1613 1269 1712 1302 hebd.
1727 1269 1760 1301 h.
1776 1268 1841 1301 def.

224 1335 486 1370 LUDOVICUS
511 1337 631 1375 HIRT,
666 1338 724 1370 Dr.
747 1337 783 1370 P.
806 1337 841 1371 P.
865 1337 903 1371 E.
954 1337 1128 1370 Publice
1156 1338 1181 1371 Ι.
1228 1339 1367 1371 Balneo-
1397 1343 1426 1371 et
1454 1338 1755 1380 climatotlzerapiam
1785 1348 1841 1369 ex-

73 1392 180 1431 ponet
201 1387 304 1420 semel
330 1399 391 1431 per
418 1388 518 1421 hebd.
555 1390 597 1422 H.
635 1389 757 1423 Selecta
771 1389 918 1432 kyyienes
933 1391 1039 1432 capita
1054 1390 1212 1422 tractabit
1228 1390 1330 1422 semel
1345 1401 1406 1433 per
1421 1390 1522 1424 hebd.
1567 1390 1764 1422 Privatim
1784 1389 1841 1422 111.

75 1439 230 1472 Clinicum
263 1443 292 1472 et
320 1441 535 1482 policlinicum
567 1441 748 1474 morborum
780 1443 958 1483 systematis
990 1443 1130 1483 nervosi,
1159 1443 1334 1484 praecipue
1357 1443 1646 1484 electrotherapiam
1668 1442 1842 1483 respiciens

73 1490 226 1523 instituet
249 1490 280 1523 d.
305 1491 375 1525 Sat.
399 1492 432 1525 h.
454 1492 511 1524 111.
536 1496 569 1524 et
591 1492 649 1524 IV.

224 1550 373 1584 IULIUS
397 1551 760 1589 SOMMERBRODT,
791 1553 849 1586 Dr.
871 1553 906 1586 P.
929 1553 964 1586 P.
988 1553 1027 1586 E.
1071 1553 1245 1585 Publice
1266 1554 1290 1586 Ι.
1342 1555 1594 1586 Exercitationes
1628 1554 1843 1594 diaynosticas

74 1605 103 1634 et
124 1603 355 1645 therapeuticas
378 1605 416 1636 de
437 1604 555 1636 morbis
577 1605 649 1636 colli
670 1608 699 1636 et
721 1605 860 1637 thoracis
883 1605 1037 1637 instituet
1065 1604 1168 1637 semel
1197 1615 1258 1647 per
1279 1605 1380 1637 hebd.
1405 1605 1437 1637 h.
1462 1606 1526 1638 des.
1571 1605 1766 1636 Privatim
1800 1603 1841 1636 11.

73 1653 194 1688 Selecta
226 1656 332 1697 capita
359 1656 560 1697 patholoyiae
593 1660 622 1689 et
654 1656 815 1698 therapiae
847 1657 996 1698 specialis
1018 1656 1130 1688 tradet
1153 1660 1272 1699 quater
1294 1667 1356 1699 per
1377 1656 1478 1688 hebd.

224 1715 701 1753 ALBERTUSNEISSER,
742 1716 801 1749 Dr.
834 1716 869 1748 P.
903 1716 937 1748 P.
972 1716 1012 1749 E.
1073 1715 1246 1748 Publice
1274 1716 1299 1749 Ι.
1351 1717 1568 1757 Patholoyiam
1601 1720 1629 1748 et
1667 1716 1842 1757 therapium

74 1767 176 1800 morbi
197 1769 368 1809 syphilitici
391 1767 528 1800 docebit
550 1768 653 1799 semel
676 1778 737 1810 per
759 1767 860 1801 hebd.
888 1767 921 1801 h.
946 1767 1012 1800 def.
1061 1767 1257 1799 Privatim
1292 1768 1333 1800 ΙΙ.
1381 1768 1534 1800 Clinicum
1569 1772 1597 1800 et
1629 1768 1841 1809 policlinicum

73 1819 253 1852 morborum
275 1823 478 1852 cutaneorum
500 1823 528 1851 et
549 1829 753 1852 venereorum
774 1819 1004 1852 moderabitur
1026 1823 1146 1861 quater
1169 1829 1228 1861 per
1250 1818 1351 1852 hebd.
1374 1819 1407 1852 h.
1433 1819 1522 1852 VIII.

225 1877 350 1911 OTTO
374 1878 648 1916 SOLTMANN,
672 1880 727 1913 Dr.
753 1879 787 1911 P.
811 1880 846 1911 P.
871 1880 908 1911 Ε.
953 1879 1125 1911 Publice
1148 1881 1172 1913 I.
1221 1880 1270 1911 De
1292 1879 1536 1921 brephotropkeo
1560 1883 1588 1911 et
1610 1880 1648 1911 de
1670 1880 1730 1918 iis,
1760 1888 1840 1920 quae

73 1932 115 1965 ad
136 1931 306 1972 irisantium
329 1933 555 1974 expositionem
576 1936 727 1974 spectant,
761 1942 868 1964 coram
891 1931 1120 1963 comilitonibus
1144 1932 1282 1963 omnium
1305 1932 1450 1963 ordinum
1475 1935 1551 1974 aget
1574 1930 1605 1963 d.
1635 1930 1717 1962 Lun.
1742 1929 1773 1961 h.
1800 1929 1838 1961 V.

72 1982 270 2015 Privatim
302 1983 343 2016 II.
389 1983 542 2016 Clinicum
580 1987 609 2016 et
636 1984 852 2026 policlinicum
883 1983 1114 2025 paediatricum
1137 1981 1366 2014 moderabitur
1393 1982 1424 2014 d.
1456 1982 1553 2015 Mart.
1577 1987 1609 2014 et
1635 1981 1719 2014 Ven.
1748 1981 1779 2012 h.
1809 1979 1837 2010 V

74 2038 107 2067 et
128 2034 187 2068 VI.
230 2033 518 2067 Privatissime
541 2034 598 2068 111.
644 2035 780 2068 Cursum
796 2036 974 2076 practicum
989 2035 1027 2067 de
1054 2035 1183 2076 hyyiene
1204 2038 1231 2066 et
1253 2035 1291 2066 de
1313 2035 1528 2066 succinctione
1549 2034 1611 2065 rite
1634 2032 1839 2065 instituenda

71 2085 211 2119 habebit
233 2085 265 2119 d.
288 2086 358 2118 Iov.
382 2085 414 2119 h.
438 2085 480 2120 V.

224 2144 353 2178 HUGO
382 2145 583 2183 MAGNUS,
611 2146 669 2180 Dr.
702 2148 739 2179 P.
767 2147 804 2178 P.
833 2146 871 2178 E.
916 2145 1089 2178 Publice
1122 2145 1146 2178 Ι.
1179 2147 1431 2178 Eoeercitationes
1460 2146 1590 2178 clinicos
1613 2144 1764 2175 instituet
1787 2143 1838 2174 bis

73 2208 132 2240 per
152 2196 255 2230 hebd.
271 2196 304 2229 h.
321 2196 387 2230 def.
422 2197 620 2230 Privatim
642 2197 684 2230 II.
716 2199 969 2231 Emercitotiones
991 2197 1314 2239 ophthalmoscopicas
1335 2201 1430 2240 reget
1452 2197 1504 2228 bis
1527 2207 1587 2239 per
1606 2195 1706 2227 hebd.
1723 2196 1755 2227 h.
1772 2194 1838 2227 def.

227 2256 470 2290 GUSTAVUS
503 2257 645 2296 BORN,
679 2257 738 2291 Dr.
766 2259 802 2291 P.
831 2258 866 2289 P.
897 2257 935 2289 E.
985 2257 1150 2289 Publice
1180 2257 1203 2290 I.
1254 2257 1462 2298 Osteoloyiam
1496 2261 1524 2289 et
1557 2256 1838 2296 syndesmoloqiam

71 2309 249 2351 yeneralem
270 2309 430 2341 tractabit
453 2309 484 2343 d.
507 2310 578 2342 Iov.
603 2309 634 2342 h.
659 2309 734 2342 XII.
780 2309 976 2341 Privatim
999 2309 1039 2342 11.
1088 2308 1299 2350 Osteotoyiam
1322 2313 1350 2341 et
1373 2308 1656 2349 syndesmoloyiam
1671 2307 1838 2348 specialem

76 2360 213 2394 docebit
228 2360 260 2393 d.
276 2360 359 2392 Lun.
373 2360 470 2394 Mart.
484 2360 568 2392 Ven.
583 2361 652 2393 Sat.
669 2361 702 2394 h.
715 2360 790 2393 XII.
802 2371 911 2403 usque
924 2359 967 2392 ad
984 2360 1070 2392 diem
1095 2360 1170 2392 Iesu
1187 2360 1310 2393 Christi
1331 2359 1484 2392 natalem.
1528 2359 1585 2392 111.
1613 2359 1837 2400 Repetitorium

75 2413 212 2454 capitum
235 2413 417 2444 selectorum
441 2413 620 2445 anatomiae
642 2412 798 2445 humanae
821 2412 960 2444 habebit
988 2412 1019 2445 d.
1047 2411 1129 2444 Lun.
1163 2412 1265 2444 Merc.
1296 2412 1365 2444 Sat.
1394 2411 1426 2443 h.
1455 2410 1542 2443 VIII.
1588 2410 1646 2442 IV.
1691 2409 1836 2452 Morphe-

71 2465 186 2505 loyiam
218 2467 247 2495 et
279 2464 444 2505 bioloyiam
479 2465 674 2504 animalium,
709 2474 789 2506 quae
823 2465 864 2496 ad
897 2474 949 2496 res
982 2464 1120 2496 medicas
1149 2465 1320 2505 pertinent,
1354 2462 1535 2505 explicabit
1563 2462 1614 2494 bis
1647 2472 1707 2504 per
1735 2460 1835 2494 hebd.

1633 2523 1649 2548 5
