2138 2748
200 726 250 756 §9

181 825 250 856 §10

181 963 246 994 §11

167 1099 194 1125 p.
214 1091 248 1117 94-

271 241 309 273 12
880 241 972 268 LVD.
994 240 1215 268 CARRIONIS
1231 241 1369 269 NOTAE
1386 241 1435 269 IN

266 338 353 367 posse
381 328 615 367 comprehendere
642 329 786 357 veritatem
807 329 969 367 positarum
997 339 1047 358 nec
1076 333 1140 359 ante
1170 330 1265 359 oculos
1287 339 1392 367 rerum,
1410 339 1468 368 pro
1491 334 1632 369 comperto
1655 331 1759 361 habere
1781 335 1806 361 et
1828 332 1945 370 cognito,
1969 332 2044 370 quic-

269 371 338 410 quid
358 371 413 400 sibi
434 380 495 400 esse
517 371 661 410 suasisset,
684 380 734 400 nec
753 380 878 409 prorsus
899 371 1106 410 suspicionibus
1128 372 1279 411 haesitare,
1304 353 1440 411 litigidsas
1463 381 1558 402 serere
1579 377 1662 413 atque
1683 374 1824 403 intendere
1852 374 2044 413 quaestiones.

269 414 364 443 omnia
386 414 442 443 ista
464 423 516 443 nos
538 414 663 452 linquere
685 417 710 442 et
727 413 899 452 posthabere
918 415 1075 453 praecipit,-
1097 424 1185 454 neque
1207 416 1237 444 in
1258 425 1304 444 res
1327 424 1386 452 eas,
1410 424 1484 453 quae
1505 420 1568 445 sunt
1589 418 1609 445 ὰ
1637 420 1735 446 nostra
1759 417 1863 455 procul
1890 417 2045 455 cognitione

269 457 399 494 dimotae,
423 457 614 494 infructuosas
637 457 782 485 immittere
805 457 994 495 cogitationes.
1030 458 1073 487 sic
1099 458 1185 487 locus
1208 458 1259 487 ille
1283 454 1476 496 scribendus,
1511 468 1610 497 neque
1643 461 1676 489 vt
1704 459 1742 488 de
1769 460 1844 490 vitio
1873 462 2044 498 suspectus,

270 499 352 536 quod
373 500 535 529 nonnullos
559 499 659 529 facere
680 499 782 538 video,
804 500 966 529 tentandus
990 503 1045 530 est

421 545 446 570 et
468 541 554 571 libros
576 543 647 580 tris.]
692 545 725 579 et,
761 542 848 571 deest
874 543 926 572 vni
947 543 1024 573 libro
1047 543 1175 573 Puteani
1208 552 1244 573 ac
1276 543 1458 573 membranis
1486 544 1677 582 melioribus,
1710 544 1928 583 venustiusque
1961 545 2044 574 vide-

267 586 315 614 tur
338 593 415 614 esse.

421 635 528 664 minore
545 636 666 674 precia]
711 637 805 666 Varro
828 637 955 666 trecentis
977 637 1073 666 aureis
1096 638 1192 666 emtos
1215 636 1310 667 fuisse
1333 639 1450 675 narrat3
1485 637 1568 675 quod
1600 638 1681 667 idem
1713 642 1848 668 trecentos
1881 638 2045 678 Philippeos

270 680 316 708 est
337 678 561 716 interpretatus.
595 679 721 718 Plinius,
745 678 872 717 Gellius,
896 679 1016 709 Solinus
1037 680 1171 717 precium
1183 680 1220 708 iis
1232 681 1345 710 nullum
1361 682 1486 718 ponunt.

421 733 484 759 tunc
507 731 526 758 ὰ
551 730 706 768 Tarquinio
730 730 908 769 digressam]
954 732 973 759 ὰ
998 730 1153 769 Tarquinio
1188 731 1275 761 deest
1310 732 1427 761 cuidam
1456 732 1532 761 libro
1562 732 1775 770 manuscripto.
1809 733 1840 762 iu
1869 732 2045 762 melioribus

268 774 368 802 autem
390 773 572 802 membranis
595 775 659 811 est3
688 773 860 811 degressam,
884 782 954 808 non,
979 773 1146 811 digressam.
1183 773 1220 803 de
1244 783 1304 811 qua
1325 783 1401 804 voce
1423 775 1453 804 in
1476 773 1587 804 critico
1611 775 1792 805 Sallustiano
1817 775 2002 813 scripsimus.

419 824 449 853 in
470 825 632 853 sacrarium
654 824 777 862 conditi]
823 824 861 853 de
891 833 927 854 ea
952 825 1105 854 locutione
1133 825 1193 854 iam
1216 827 1285 854 ante
1313 826 1442 855 diximus
1465 825 1491 854 ἃ
1518 825 1645 855 inferius
1673 826 1816 856 dicemus.
1855 828 1928 856 nota
1956 826 2045 856 etiam

267 866 307 895 ad
329 875 376 895 eos
398 866 511 904 adeunt,
533 869 566 896 vt
589 876 689 905 supra,
723 867 762 895 ad
797 866 982 905 Tarquinium
1004 866 1163 905 Superbum
1185 877 1279 906 regem
1301 868 1380 897 adiit.
1415 877 1493 905 quae
1521 869 1603 906 apud
1628 869 1778 907 Plautum,
1811 869 1985 899 Terentium
2018 867 2044 898 ά

266 909 345 938 1111116
367 911 501 938 nostrum
524 911 593 939 sunt
615 910 804 940 creberrima.

421 959 636 998 quindecimuiri
658 960 780 998 adeunt]
826 960 1021 990 Buslidianus
1043 961 1136 999 liber3
1171 960 1322 990 decemuiri
1350 961 1462 992 adeunt.
1497 962 1618 992 Solinus
1646 962 1809 992 Pontifices
1833 972 1885 992 eos
1909 963 1951 992 ait
1973 971 2043 992 6611-

268 1003 376 1032 sulere.
410 1001 483 1031 Eius
506 1002 607 1032 librum
630 1002 670 1032 ad
692 1002 851 1032 Cornelium
884 1012 970 1042 osque
1003 1002 1111 1032 Sullam
1144 1003 1296 1041 Pontifices
1328 1005 1418 1033 nostri
1446 1004 1626 1034 consulebant
1665 1005 1695 1043 [l.
1718 1006 1738 1034 l.
1768 1005 1788 1043 ξ
1814 1006 1850 1035 16
1875 1005 1945 1043 sq.]>.
1981 1008 2044 1035 tune

268 1046 340 1074 enim
362 1054 418 1074 ena
441 1055 504 1074 cum
527 1044 667 1084 Capitolio
690 1047 748 1084 igni
771 1045 935 1084 absumptus
957 1050 1006 1076 est.
1040 1047 1135 1075 Varro
1153 1046 1182 1084 [l.
1195 1047 1225 1084 l.]
1243 1046 1377 1076 decimae
1401 1047 1535 1085 Sibyllae
1557 1048 1702 1086 Tiburtis,
1726 1057 1804 1086 quae
1829 1051 1876 1078 est
1897 1048 2044 1087 Albunea,

270 1097 348 1125 quae
382 1088 487 1117 Tiburi
521 1089 629 1118 colitur
649 1091 682 1117 vt
705 1088 762 1118 dea
784 1089 867 1118 iuxta
887 1089 970 1126 ripas
992 1089 1128 1127 Anienis,
1162 1090 1308 1127 cuiusque
1330 1090 1361 1118 111
1384 1091 1501 1127 gurgite
1530 1091 1740 1120 simulachrum
1768 1091 1923 1121 inuentum
1948 1089 1952 1131 Ι
1976 1099 2044 1120 esse

269 1131 377 1160 dicitur
398 1133 505 1160 tenens
527 1131 559 1160 in
581 1140 671 1160 manu
693 1132 810 1170 librum,
840 1141 927 1161 sacra
949 1134 1085 1161 senatum
1114 1133 1145 1161 in
1174 1132 1356 1170 Capitolium
1388 1133 1579 1163 transtulisse
1613 1134 1727 1164 scribit.
1777 1134 1903 1171 Harum,
1936 1134 2044 1172 inquit,

268 1174 391 1202 omnium
413 1172 586 1213 Sibyllarum
608 1175 736 1203 carmina
759 1178 784 1203 et
803 1175 939 1211 seruntur
961 1178 986 1203 et
1006 1174 1144 1204 habentur
1163 1178 1365 1213 praeterquam
1388 1174 1546 1214 Cumaeae5
1575 1178 1654 1206 cuius
1677 1176 1741 1206 libri
1763 1177 1927 1207 occuluntur
1947 1177 1967 1206 ὰ
1986 1175 2044 1206 Βο-

267 1217 375 1254 manis3
403 1225 454 1245 nec
482 1226 530 1246 eos
553 1216 589 1245 ab
611 1217 666 1246 ello
688 1218 743 1246 nisi
766 1218 784 1245 ὰ
807 1217 1034 1255 quindecimviris
1056 1218 1159 1255 inspici
1172 1218 1226 1255 fas
1249 1221 1297 1246 est.
1336 1218 1452 1248 Scimus
1481 1219 1519 1248 ab
1541 1219 1628 1249 initio
1651 1220 1736 1249 libris
1765 1219 1922 1257 Sibyllinis
1944 1221 2044 1249 custo-

268 1259 387 1288 diendis
416 1259 590 1289 duumuiros
614 1259 709 1289 fuisse
732 1260 901 1298 appositos,
935 1260 1045 1289 deinde
1069 1261 1302 1299 quinqueuiros,
1331 1264 1485 1298 postremo
1518 1270 1591 1291 vero
1626 1262 1890 1299 quindecimuiros.
1930 1262 1986 1292 sed
2016 1261 2045 1292 X

266 1302 324 1331 viri
344 1302 420 1331 nihil
441 1302 500 1332 11116
521 1303 683 1340 pertinent.
717 1303 756 1332 ad
778 1303 832 1332 XV
854 1303 936 1332 viros
960 1303 989 1333 S.
1012 1303 1047 1334 F.
1073 1306 1106 1332 vt
1129 1303 1250 1340 quidem
1272 1304 1303 1332 in
1325 1305 1553 1334 numismatibus
1583 1304 1609 1334 &
1636 1306 1883 1343 inscriptionibus
1916 1305 2041 1343 appelli-

266 1346 378 1384 tantur,
400 1345 476 1375 haec
498 1346 667 1375 referantur
687 1355 815 1375 11666666
831 1348 887 1375 est.
933 1346 1082 1383 siquidem
1107 1346 1247 1384 [Pseudo]
1264 1346 1438 1376 Fenestella
1453 1347 1701 1385 diligentissimus
1717 1348 1846 1386 scriptor
1861 1348 1899 1378 de
1913 1347 2041 1378 XVviris

268 1387 372 1417 dicens
395 1388 437 1417 ait
458 1389 597 1418 restituto
623 1388 772 1426 Capitolio
796 1389 937 1418 retulisse
960 1389 1000 1418 ad
1022 1392 1159 1418 senatum
1182 1389 1216 1420 C.
1241 1389 1400 1419 Curionem
1423 1391 1577 1420 consulem
1599 1394 1632 1420 vt
1653 1391 1747 1429 legati
1767 1391 1914 1429 Erythras
1942 1391 2040 1420 mitto-

266 1433 378 1469 rentur,
402 1431 455 1468 qui
477 1432 608 1461 carmina
631 1431 764 1469 Sibyllae
787 1431 959 1469 conquisita
981 1432 1106 1461 Romam
1130 1431 1334 1471 deportarent,
1370 1433 1473 1470 itaque
1495 1434 1606 1463 missos
1629 1443 1697 1463 esse
1719 1434 1753 1463 P.
1775 1433 1947 1472 Gabinium,
1968 1432 2040 1471 M'L]

268 1473 440 1512 Otacilium,
474 1474 509 1504 L.
538 1474 705 1513 Valerium,
741 1474 792 1511 qui
815 1474 986 1512 descriptos
1015 1476 1033 1503 a
1059 1475 1186 1512 priuatis
1213 1484 1320 1504 versus
1347 1476 1427 1504 circa
1453 1476 1534 1505 mille
1556 1476 1682 1506 Romam
1705 1477 1910 1514 deportarunt.
1953 1475 2041 1506 Adde

268 1516 351 1554 quod
372 1517 467 1546 Varro
490 1517 566 1546 libro
590 1517 811 1554 Antiquitatum
833 1526 931 1546 rerum
953 1517 1129 1546 Diuinarum
1153 1520 1271 1555 quarto,
1296 1527 1356 1555 quo
1379 1518 1456 1547 libro
1481 1518 1518 1548 de
1540 1519 1668 1549 XVviris
1698 1520 1824 1558 agebat,
1858 1519 2041 1557 quindecim-

266 1559 398 1588 uirorum
414 1559 560 1589 duntaxat
575 1560 736 1589 occasione
760 1569 864 1589 omnes
888 1560 1019 1597 sibyllas
1042 1560 1224 1598 nominauitz,
1257 1561 1342 1590 cuius
1369 1561 1463 1590 verba
1492 1570 1602 1599 operae
1626 1564 1673 1592 est
1695 1571 1865 1600 apponere:
1899 1563 1926 1592 si
1957 1562 2042 1600 prius

266 1603 468 1631 monuerimus
490 1602 566 1632 haec
589 1603 629 1632 ad
651 1611 718 1632 eum
740 1603 848 1632 librum
872 1603 992 1632 omnino
1016 1605 1164 1640 spectare.
1209 1603 1308 1632 Primo
1331 1603 1408 1633 libro
1431 1604 1598 1634 diuinarum
1621 1605 1655 1634 de
1669 1605 1753 1634 rebus
1768 1605 1872 1635 diuinis
1886 1606 1918 1635 111
1932 1613 2042 1643 genere

269 1645 394 1682 agebat:
418 1646 513 1674 altero
537 1645 571 1674 de
594 1645 791 1684 Pontificibus:
826 1646 914 1675 tertio
950 1645 984 1674 de
1015 1645 1194 1684 Auguribus.-
1229 1649 1335 1684 quarto
1370 1646 1404 1676 de
1437 1645 1673 1686 Quindecimuiris
1705 1657 1863 1680 sacrorum.
1906 1651 1998 1686 atque
2020 1647 2043 1677 ii

267 1689 337 1717 sunt
360 1688 481 1725 quidem
506 1689 557 1726 qui
579 1689 610 1718 in
632 1689 723 1718 rebus
747 1689 857 1718 diuinis
881 1691 982 1726 agunt.
1017 1689 1072 1718 sed
1093 1689 1145 1718 vbi
1167 1688 1281 1727 agunt?
1318 1690 1347 1718 in
1369 1689 1490 1719 sacellis.
1527 1691 1604 1720 liber
1637 1693 1684 1720 est
1717 1692 1850 1729 quintus.
1893 1692 1922 1721 in
1950 1692 2042 1720 saeris

267 1730 394 1761 aedibus.
431 1731 508 1760 liber
542 1734 588 1760 est
621 1734 734 1762 sextus.
777 1732 807 1760 in
836 1732 904 1760 locis
931 1732 1080 1770 religiosis.
1125 1732 1202 1761 liber
1225 1734 1272 1762 est
1295 1733 1451 1770 septimus.
1489 1733 1610 1770 quando
1634 1734 1747 1772 agunt?
1784 1735 1926 1772 inferiis.
1964 1733 2043 1763 liber

268 1775 404 1804 octauus.
438 1773 511 1803 ludis
535 1773 724 1804 Circensibus.
761 1774 838 1803 liber
858 1783 966 1804 nonus.
1005 1774 1078 1803 ludis
1100 1775 1248 1806 scaenicis.
1285 1775 1363 1805 liber
1385 1775 1528 1805 decimus.
1566 1785 1627 1814 qua
1650 1777 1687 1806 de
1709 1786 1742 1807 re
1765 1777 1879 1815 agunt?
1916 1777 1950 1806 de
1979 1785 2041 1806 con-

265 1816 478 1845 secrationibus.
515 1817 592 1846 liber
612 1817 798 1847 vndecimus.
836 1817 870 1846 de
892 1818 984 1846 sacris
1003 1818 1136 1855 priuatis.
1170 1818 1248 1847 liber
1270 1818 1476 1849 duodecimus.
1511 1818 1546 1848 de
1560 1820 1652 1848 sacris
1663 1819 1795 1858 publicis.
1832 1820 1910 1850 liber
1923 1819 2042 1849 tertius·

266 1859 410 1890 decimus.
447 1859 564 1896 Quibus
588 1862 680 1897 agunt
702 1862 753 1889 aut
775 1859 959 1898 operantur?
997 1859 1051 1889 Dis
1069 1861 1160 1890 certis.
1193 1861 1271 1890 liber
1286 1861 1556 1898 quartusdecimus.
1591 1861 1644 1891 Dis
1659 1863 1781 1892 incertis.
1815 1863 1893 1892 liber
1907 1863 2042 1901 quintus-

267 1902 410 1932 decimus.
443 1901 498 1931 Dis
517 1903 683 1941 praecipuis
706 1906 730 1931 et
752 1903 868 1933 selectis.
902 1903 980 1932 liber
1002 1903 1252 1934 sextusdecimus.
1286 1904 1387 1942 Atque
1408 1905 1484 1935 haec
1507 1907 1554 1935 est
1575 1906 1708 1935 vniversi
1729 1906 1810 1936 illius
1826 1906 1927 1944 operis
1942 1913 2041 1935 rerum

263 1945 441 1974 Diuinarum
464 1946 483 1974 a
505 1945 639 1974 Varrone
663 1945 743 1975 facta
766 1946 948 1976 distributio.
983 1946 1092 1975 Rerum
1115 1946 1310 1976 humanarum
1332 1950 1395 1976 tum
1425 1947 1573 1987 dabimus,
1608 1957 1674 1978 cum
1702 1947 1771 1978 XLI
1798 1949 1941 1978 librorum
1963 1947 2042 1986 frag-

265 1990 366 2017 menta
388 1997 473 2017 suum
496 1988 527 2017 in
550 1988 695 2026 ordinem,
719 1988 821 2026 quoad
849 1989 914 2018 eius
941 1988 1006 2018 fieri
1032 1989 1141 2027 potuit,
1168 1989 1308 2019 restituta
1329 1990 1562 2028 publicabimus.
1591 1992 1685 2028 Igitur
1707 1992 1828 2029 scripsit
1850 1991 1926 2021 haec
1946 1991 2041 2021 Van-o

264 2031 341 2060 libro
365 2033 471 2068 quarto
493 2040 592 2060 rerum
614 2031 790 2060 Diuinarum
825 2031 884 2069 [ap.
907 2031 991 2062 Lact.
1014 2032 1033 2060 l
1057 2032 1098 2070 l..]
1135 2033 1229 2062 verba
1252 2033 1292 2062 ad
1315 2032 1348 2062 C.
1373 2033 1534 2063 Caesarem
1554 2034 1730 2064 Pontificem
1752 2035 1827 2063 haec
1850 2036 1928 2064 sunt.
1973 2032 2042 2072 Sep-

266 2074 333 2102 tima
356 2072 464 2112 Sibylla
478 2074 539 2111 fuit
561 2073 700 2111 Cumana,
724 2075 835 2103 nomine
857 2074 1022 2103 Amalthea:
1050 2084 1122 2113 quae
1145 2075 1181 2104 ab
1205 2076 1271 2104 aliis
1292 2075 1458 2114 Demophile
1490 2077 1534 2106 vel
1566 2076 1719 2115 Herophile
1751 2077 1920 2108 nominatur.
1954 2086 2043 2115 eaque

266 2125 365 2145 nouem
399 2116 486 2146 libros
520 2117 608 2145 attulit
641 2116 681 2145 ad
712 2126 806 2155 regem
842 2117 1026 2155 Tarquinium
1059 2117 1189 2147 Priscum
1213 2117 1300 2158 (puto
1324 2119 1496 2155 delendum)
1519 2129 1553 2148 ac
1577 2129 1635 2158 pro
1658 2120 1698 2149 eis
1720 2123 1856 2149 trecentos
1879 2119 2042 2158 Philippeos

233 2163 245 2168 ''
265 2159 427 2197 postulauit.
460 2159 526 2189 Rem
548 2157 727 2200 asperlnatus
745 2160 839 2198 precii
859 2160 1079 2209 magnitudinem
1101 2160 1199 2190 derisit
1226 2162 1352 2191 mulieris
1378 2162 1531 2193 insaniam.
1576 2162 1625 2191 illa
1652 2163 1682 2191 in
1710 2166 1858 2201 conspectu
1891 2171 1966 2212 regis
1993 2162 2043 2191 tris
2099 2157 2103 2164 ’

266 2201 431 2239 combussit,-
453 2212 488 2230 ac
506 2211 563 2240 pro
585 2203 701 2241 reliquis
722 2202 797 2231 idem
815 2204 946 2241 precium
964 2203 1129 2241 postulauit.
1166 2203 1338 2243 Tarquinius
1360 2205 1505 2234 mulierem
1537 2205 1623 2235 multo
1655 2206 1747 2244 magis
1771 2205 1886 2244 putauit
1906 2205 2042 2234 insanire

266 2244 315 2273 illa
337 2244 428 2274 denuo
451 2244 539 2274 tribus
561 2245 626 2274 aliis
649 2246 754 2274 exustis
777 2255 840 2274 cum
861 2246 891 2274 in
913 2246 1010 2275 eodem
1027 2246 1127 2284 precio
1155 2250 1366 2286 perseueraret,
1399 2250 1490 2277 motus
1523 2251 1563 2277 est
1595 2258 1663 2285 rex,
1697 2258 1733 2277 ae
1765 2248 1894 2278 residuos
1916 2247 2043 2277 trecentis

267 2288 362 2316 aureis
384 2288 463 2316 emit:
487 2297 605 2326 quorum
623 2291 726 2326 postea
747 2298 880 2318 numerus
903 2292 942 2317 est
965 2292 1062 2318 auctus
1087 2288 1226 2328 Capitolio
1249 2290 1370 2328 resecto‚·
1398 2290 1474 2329 quod
1501 2300 1537 2320 ea:
1565 2290 1694 2320 omnibus
1716 2290 1875 2321 ciuitatibus
1897 2293 1922 2320 et
1935 2290 2042 2320 Italicis

266 2333 291 2359 et
314 2329 432 2359 Graecis
455 2333 479 2359 et
498 2332 655 2369 praecipue
677 2331 844 2370 Erythraeis
867 2332 957 2361 coacti
989 2332 1122 2370 allatique
1154 2336 1217 2362 sunt
1249 2332 1371 2362 Romam
1404 2334 1600 2372 cuiuscumque
1629 2332 1756 2373 Sibyllae
1782 2334 1893 2363 nomine
1913 2334 2040 2371 suerunt.

267 2373 351 2402 Haec
372 2373 477 2403 Varro.
512 2373 602 2410 Quod
622 2383 696 2403 vero
720 2374 771 2413 ait,
795 2373 935 2412 Capitolio
957 2375 1078 2412 refecto:
1110 2375 1143 2404 id
1177 2378 1223 2405 est
1257 2375 1340 2413 quod
1371 2375 1487 2406 Plinius
1511 2375 1536 2405 &
1559 2377 1680 2406 Solinus
1716 2377 1758 2415 [11.
1779 2377 1821 2416 11.]
1854 2375 2043 2406 tradiderunt

268 2416 389 2445 Sullano
412 2418 548 2454 tempore
570 2417 601 2446 in
624 2417 763 2446 incendio
788 2417 960 2455 Capitolino
983 2418 1078 2447 libros
1100 2418 1177 2448 istos
1199 2419 1339 2456 periisse.
1378 2420 1503 2456 postilla
1534 2429 1605 2457 ergo
1641 2420 1694 2449 alii
1726 2420 1796 2450 libri
1830 2420 1957 2449 Romam
1991 2418 2042 2448 de-

267 2459 379 2496 portati
402 2462 480 2498 sunt,
503 2462 535 2488 vt
559 2460 662 2489 scribit
683 2460 868 2491 Fenestella.
