2138 2748
901 258 940 261 ,μ
978 214 995 245 7

251 311 375 351 Quibus
403 312 490 346 addo
518 314 626 346 varias
654 314 810 347 lectiones
838 315 919 348 initii
949 316 1041 349 huius
1069 316 1233 349 secundae
1261 317 1422 360 epitomae
1451 318 1492 351 ad
1518 322 1582 351 tres
1605 322 1728 352 tantum
1751 319 1873 361 primas

99 362 250 397 editionis
274 363 510 397 Huemerianae
532 364 636 397 lineas
658 365 874 407 pertinentes,
898 376 970 399 cum
993 366 1035 398 ad
1059 366 1181 399 codicis
1205 368 1341 409 pretium
1364 371 1452 401 recte
1475 369 1711 402 aestimandum
1735 369 1872 402 alicuius

0 400 9 440 ἕ
60 450 64 455 .
99 422 251 456 momenti
274 433 347 456 esse
368 423 540 456 videantur
562 425 605 465 (v.
628 424 714 458 infra
735 435 766 467 p.
790 425 972 466 9.1in.15):
991 436 1024 467 1²·
1050 426 1097 467 7‚1
1124 427 1231 459 littera
1255 426 1260 469 Ι
1284 428 1383 460 uoluti
1408 427 1414 469 Ι
1438 428 1556 469 legenti
1581 429 1585 470 Ι
1610 430 1630 460 2
1653 416 1773 461 matres
1796 438 1836 461 ex
1866 430 1871 470 1

97 481 119 514 3
140 483 168 515 «te
189 482 257 515 atib
291 484 297 525 1
332 483 564 526 aequiparasse
587 484 717 517 memini
739 484 819 525 expl.
843 488 978 526 negaret
999 485 1208 519 mundissimo
1229 481 1250 519 ἔ
1270 487 1477 528 magnissimo
1499 487 1548 529 (p.
1574 488 1644 529 11,3
1666 497 1710 528 aq.
1739 488 1795 529 H.)

248 550 299 583 De
321 551 454 593 reliquis
477 551 638 594 capitibus
660 551 740 585 baec
763 555 886 585 tantum
902 552 1060 586 adnotare
1075 557 1141 586 tum
1158 555 1261 596 potui:
1287 553 1380 598 [ΙΙΙ.]
1404 556 1563 588 INCIPIT
1587 557 1643 588 DE
1665 556 1872 589 SYLLABIS

99 608 234 652 Syllaba
257 613 331 643 sunt
351 611 481 652 gluttini
504 605 576 644 lifta
598 630 639 635 —
661 611 752 671 audiv
767 613 840 645 uale
874 613 952 646 aula
981 614 1028 654 (p.
1062 613 1099 645 12
1102 614 1175 655 ‚11).
1229 614 1285 646 DE
1315 614 1542 648 COMPoTvs
1575 615 1872 649 SYLLABARVM.

99 666 172 713 Qua
194 670 369 702 terrencius
392 670 578 713 plenissime
600 655 780 713 disputabit
801 682 860 705 nos
879 672 984 705 brevit
1001 672 1204 715 disputamur
1223 692 1265 697 —
1287 673 1408 706 idcirco
1433 674 1601 708 cumodius
1621 680 1699 718 puto
1715 676 1873 718 premissa

98 728 235 772 syllabis
257 718 307 771 qsi
329 728 440 771 quada
461 730 705 773 prefaciuncula
726 731 770 765 ad
792 736 934 765 metroru
958 732 1091 766 tendere
1106 733 1319 792 exposicione
1338 733 1424 774 (ibid.
1447 734 1504 767 lin.
1528 736 1592 774 22).
1638 735 1798 768 INCIPIT
1815 735 1871 767 DE

96 782 303 822 METRORU
323 781 564 823 EXPOSICIO
609 791 746 824 Metram
775 791 903 833 quidem
932 786 1126 835 composicio
1149 793 1330 826 multifarie
1359 804 1422 826 non
1451 795 1535 827 enirn
1563 794 1606 828 ad
1629 794 1735 828 eunde
1758 794 1872 827 ordine

97 842 215 878 natura
247 844 383 873 numeru
410 859 453 864 —
480 843 699 883 margaretam
728 842 880 877 fuscator.
914 844 962 885 (p.
992 844 1034 876 25
1036 844 1100 886 ,22)
1130 844 1199 876 finit
1228 845 1417 886 [mincip
1448 846 1485 878 V.
1516 846 1572 877 DE
1601 846 1777 879 NOMINE.
1824 846 1872 878 De

97 889 226 924 nomine
247 891 410 924 breviaria
432 892 575 935 epitoma
596 892 713 925 editur’
737 894 786 935 (p.
801 894 898 935 26,1).
944 895 1096 928 Proxima
1111 895 1221 937 capita
1236 896 1452 928 inscribuntur
1476 896 1519 928 VI
1541 897 1599 929 DE
1621 896 1872 930 PRONOMINE

98 941 144 984 (p.
158 941 385 984 42,7—49,16)
408 943 469 975 VII
491 944 549 976 DE
573 944 702 976 VERBI
724 944 972 983 QVALITATE
995 945 1073 978 VIII
1095 946 1199 978 ITEM
1224 946 1281 978 DE
1303 947 1620 980 ACCIDENTIBVS
1643 947 1796 980 VERBIS
1811 947 1870 979 EX

97 991 210 1029 ALIIS
237 993 311 1035 (VII
340 997 372 1026 et
399 993 476 1026 VIII
499 1009 539 1022 =
561 995 620 1027 DE
645 995 784 1029 VERBO
807 1006 841 1037 p.
871 995 1118 1038 49,17—67‚13
1141 997 1193 1038 H.)
1238 997 1330 1029 VIIII
1360 998 1416 1030 DE
1439 997 1634 1036 RELIQVIS
1657 998 1869 1031 PARTIBVS

96 1041 328 1079 ORATIONIS
351 1045 407 1087 (—
423 1056 457 1086 p.
489 1046 560 1088 76,6
582 1047 632 1088 H.,
655 1047 683 1079 si
713 1047 807 1089 plene
835 1047 896 1080 hoc
925 1051 1022 1090 caput
1050 1047 1083 1079 in
1110 1048 1319 1081 Ambianensi
1348 1049 1502 1091 scriptum
1530 1052 1590 1090 est,
1617 1049 1702 1090 quod
1733 1049 1872 1090 nescio);

97 1097 166 1129 tum
187 1095 313 1128 iteratis
336 1096 461 1138 multis,
490 1107 574 1138 quae
602 1097 635 1130 in
663 1098 878 1131 anterioribus
907 1098 972 1131 iam
1001 1098 1161 1131 invenisse
1190 1099 1267 1131 mihi
1295 1099 1440 1139 videbar,
1463 1110 1547 1142 quae
1570 1103 1677 1133 tamen
1700 1101 1870 1141 quominus

97 1147 280 1179 accuratius
295 1148 513 1180 examinarem
529 1149 683 1191 temporis
698 1149 868 1191 angustiae
880 1149 1147 1192 impediebant*),
1163 1151 1196 1182 X
1210 1150 1266 1183 DE
1279 1150 1624 1184 SCINDERATIONE
1647 1151 1871 1192 FONORUM3

94 1195 159 1231 inc.
192 1197 298 1231 Prim⁹
329 1208 449 1232 aeneas
482 1199 569 1242 apud
598 1210 657 1233 nos
690 1201 767 1233 fona
800 1201 948 1234 scindere
979 1202 1130 1234 consuet⁹
1162 1205 1232 1234 erat
1259 1202 1304 1244 (p.
1340 1202 1425 1243 76‚7)
1457 1203 1507 1234 XI
1534 1202 1591 1234 DE
1620 1202 1870 1243 COGNITIOB3

95 1252 208 1300 ETIN
231 1271 282 1292 ὓ·
304 1266 498 1300 ALIORVM
523 1267 736 1302 NOMINVM.
788 1268 881 1307 Quod
909 1273 1008 1311 caput
1034 1279 1108 1302 num
1138 1270 1268 1312 plenum
1297 1270 1400 1303 codex
1429 1271 1602 1312 contineat,
1623 1271 1739 1304 iterum
1761 1270 1870 1304 dicere

96 1325 237 1358 nequeo:
261 1321 348 1350 certe
370 1318 421 1360 iis,
444 1328 528 1359 quae
556 1318 632 1352 inde
660 1319 853 1363 deprompta
881 1324 965 1362 sunt,
994 1320 1026 1352 in
1054 1320 1117 1352 fine
1146 1321 1255 1353 aliena
1282 1321 1540 1362 agglutinantur:
1569 1333 1645 1355 nam
1673 1322 1758 1364 cxpl.
1790 1322 1870 1355 baec

95 1376 218 1410 codicis
245 1387 322 1420 pars
344 1377 366 1410 f.
387 1378 455 1410 47ν
483 1378 516 1410 in
543 1379 651 1411 verbis
675 1377 752 1411 ‘imo
780 1382 815 1411 ut
843 1379 934 1412 sileo.
965 1389 1010 1412 es,
1032 1380 1060 1413 ἶ.
1090 1380 1234 1413 secundi]
1259 1374 1330 1413 icis
1357 1385 1506 1424 correpta
1530 1385 1564 1414 ut
1586 1382 1658 1423 lege
1681 1382 1714 1414 in
1736 1382 1869 1415 adverb.

95 1427 214 1471 docte',
237 1438 323 1470 quae
344 1428 406 1462 huc
428 1433 515 1463 certe
538 1439 602 1463 non
623 1430 795 1472 pertinent.

246 1496 338 1536 Quae
367 1498 394 1530 si
421 1508 535 1540 parum
564 1501 718 1532 accurata
744 1499 914 1541 diligentia
949 1500 1097 1533 confecta
1130 1510 1202 1533 esse
1233 1500 1436 1542 videbuntur,
1460 1501 1608 1543 equidem
1632 1501 1691 1535 hoc
1714 1502 1784 1545 ipse
1806 1512 1870 1535 non

93 1548 222 1590 ignoro:
252 1558 312 1590 ego
341 1552 407 1582 tum
430 1559 515 1591 quae
547 1550 651 1593 primo
685 1551 798 1583 obtutu
833 1550 909 1583 mihi
944 1561 980 1583 se
1009 1551 1189 1584 offerebant
1216 1551 1406 1584 festinanter
1435 1552 1467 1584 in
1498 1553 1628 1585 chartas
1663 1553 1800 1592 conieci,
1835 1557 1870 1585 ut

94 1599 330 1640 quadamtenus
353 1600 475 1634 codicis
497 1604 721 1642 argumentum
744 1611 815 1634 cum
839 1601 1027 1643 Virgilianis
1051 1612 1071 1634 a
1094 1602 1180 1634 Maio
1203 1602 1300 1635 editis
1323 1604 1467 1635 conterre
1490 1613 1627 1646 possem,
1651 1608 1717 1636 tum
1740 1604 1868 1636 demum

94 1659 166 1683 cum
194 1651 268 1684 aliis
295 1661 335 1684 ea
364 1653 671 1694 communicaturus,
701 1653 728 1685 si
757 1653 861 1695 ipsum
891 1653 1035 1686 codicem
1063 1653 1177 1685 iterum
1206 1657 1320 1686 nactus
1348 1664 1420 1686 enm
1450 1664 1520 1687 cum
1549 1655 1626 1687 Maii
1655 1655 1797 1687 editione
1820 1664 1869 1696 ea,

94 1710 159 1743 qua
181 1712 241 1745 par
263 1706 322 1745 est,
345 1703 515 1750 diligentia
537 1705 753 1737 contulissem.
799 1704 893 1742 Quod
909 1714 981 1737 cum
997 1704 1084 1744 mihi,
1107 1705 1191 1737 sicut
1205 1714 1304 1747 supra
1320 1705 1499 1747 expositum
1522 1709 1580 1746 est,
1603 1716 1667 1738 non
1690 1706 1870 1747 contigerit,

93 1756 202 1786 tamen
235 1754 316 1788 haec
350 1756 411 1788 etsi
439 1765 555 1789 manca
583 1760 615 1788 et
644 1756 834 1799 imperfecta
862 1757 895 1788 in
924 1755 1053 1789 schedis
1082 1757 1221 1788 retinere
1250 1756 1354 1797 nolui,
1382 1766 1454 1789 cum
1483 1757 1755 1799 comparationem
1782 1761 1870 1789 certe

94 1805 236 1847 aliquam
260 1815 332 1838 cum
354 1806 550 1847 reliquorum
574 1807 731 1849 codicum,
753 1807 900 1850 inprimis
930 1806 1005 1848 NP,
1035 1808 1088 1849 qui
1117 1808 1211 1840 unice
1239 1808 1297 1839 toti
1326 1808 1445 1840 servati
1476 1812 1565 1850 sunt,
1595 1808 1867 1851 inscriptionibus,

94 1860 300 1898 argumento,
337 1857 450 1890 ordine
476 1858 658 1891 admittant.
709 1859 758 1891 Ex
786 1869 850 1900 qua
873 1859 906 1891 id
929 1859 989 1891 hoc
1012 1859 1082 1891 loco
1106 1859 1255 1891 attulisse
1278 1859 1428 1899 sufficiat,
1451 1859 1595 1892 codicem
1619 1860 1868 1892 Ambianensem

95 1908 194 1949 paulo
222 1908 399 1950 pleniorem
429 1918 500 1941 esse
527 1909 639 1942 codice
668 1909 708 1951 Ρ,
731 1910 785 1951 qui
815 1910 879 1942 iam
907 1910 939 1941 in
969 1910 1075 1952 capite
1103 1910 1144 1942 de
1168 1910 1462 1952 praepositionibus
1484 1921 1515 1953 p.
1540 1911 1631 1952 7531
1656 1910 1695 1943 11.
1719 1911 1868 1953 explicit3

95 1962 162 1991 tum
184 1968 261 1991 vero
283 1959 316 1991 id
340 1959 404 1992 iam
420 1959 496 1992 inde
512 1961 627 2002 elucet,
643 1961 728 2002 quod
745 1971 843 2003 supra
866 1961 1041 1994 indicatum
1065 1965 1124 2002 est,
1147 1971 1167 1994 a
1182 1966 1295 1993 neutro
1310 1961 1422 1993 codice
1446 1962 1695 1994 Ambianensem
1718 1962 1869 2005 pendere.

95 2009 203 2051 Atque
218 2010 279 2043 hoc
293 2011 500 2044 confirmatur
522 2012 713 2045 lectionibus
735 2013 804 2045 eius
827 2022 899 2045 cum
922 2013 1081 2055 scriptura
1104 2012 1250 2045 codicum
1279 2011 1355 2053 ΡΝ,
1377 2022 1418 2045 ex
1446 2013 1562 2054 quibus
1585 2014 1678 2045 unice
1701 2017 1871 2055 praeterea

93 2061 230 2104 primam
251 2062 342 2094 illam
365 2062 407 2094 de
430 2063 590 2105 sapientia
613 2064 787 2106 epitomam
809 2063 916 2096 adhuc
933 2064 1141 2105 cognovimus
1157 2073 1355 2105 quorumque
1370 2067 1483 2096 neuter
1497 2075 1568 2097 cum
1585 2065 1687 2097 altero
1710 2064 1871 2107 propioris

95 2112 297 2154 cognationis
323 2113 451 2146 vinculo
475 2115 663 2147 coniunctus
686 2118 744 2156 est,
768 2115 907 2148 collatis.
951 2115 1130 2156 Utrumque
1158 2119 1267 2148 tamen
1296 2124 1336 2147 ex
1365 2115 1542 2158 archetypo
1576 2116 1692 2149 litteris
1720 2116 1869 2149 Seotticis

93 2164 214 2206 scripto
236 2163 368 2197 fluxisse
390 2166 569 2198 Huemerus
591 2166 824 2199 demonstravit
846 2177 877 2209 p.
901 2167 949 2198 XI
976 2176 1023 2207 sq.
1067 2168 1174 2208 Atque
1202 2166 1232 2198 A
1260 2166 1389 2207 quidem
1423 2170 1455 2199 et
1484 2167 1585 2209 ipsum
1615 2171 1701 2199 certe
1724 2177 1764 2199 ex
1787 2167 1869 2200 libro

93 2215 204 2256 aliquo
225 2216 347 2249 talibus
369 2216 438 2249 fere
460 2217 575 2251 litteris
598 2218 718 2260 scripto
741 2218 910 2250 oriundum
933 2227 1015 2259 esse,
1038 2220 1074 2249 ut
1096 2217 1156 2250 hoc
1180 2227 1276 2250 unum
1299 2217 1444 2259 afferam,
1472 2219 1535 2250 iam
1560 2218 1738 2251 litterarum
1761 2228 1777 2250 r
1799 2222 1831 2250 et
1853 2229 1869 2251 s

93 2267 287 2308 permutatio
309 2268 390 2301 satis
412 2268 554 2302 dilucide
576 2269 710 2302 indicat:
734 2280 765 2312 p.
782 2270 833 2310 6,1
853 2269 889 2302 Η.
907 2265 1184 2302 ‘monstrabimur'
1202 2269 1333 2301 exhibet
1347 2279 1406 2311 pro
1423 2266 1710 2311 ‘monstrabimus’‚
1726 2279 1757 2312 p.
1776 2270 1869 2310 12,Ῑὸ

242 2419 265 2454 *)
285 2419 356 2446 Num
374 2419 411 2447 ad
430 2419 566 2454 epistulas
584 2421 687 2455 partim
707 2420 834 2449 similiter
852 2420 1004 2456 inscriptas
1023 2420 1094 2450 haec
1111 2420 1281 2458 pertineant,
1301 2420 1365 2450 olim
1385 2421 1599 2451 examinandum
1618 2422 1679 2450 erit.
