2138 2748
1137 223 1177 256 22

419 326 610 358 ARTHUR
624 326 878 364 PAKSCHER,
904 327 961 359 Dr.
1006 328 1204 359 Privatim
1220 329 1244 360 I.
1278 330 1456 361 Historiam
1473 339 1609 371 poeseos
1632 330 1916 371 Francoyallorum
1939 331 2046 371 epicae

269 378 437 409 enarrabit
460 377 492 410 d.
514 377 662 459 Lun.het
691 378 790 410 Mart.
813 377 845 410 h.
870 378 927 413 XI.
971 378 1004 409 II
1050 378 1184 411 Carmen
1212 380 1488 421 Francoyallicum
1517 381 1556 412 de
1582 381 1740 413 Rollando
1769 381 2046 423 interpretabitur

268 429 299 462 d.
323 429 427 461 Mero.
451 434 484 460 et
508 428 578 461 Sat.
628 453 635 462 .
660 429 734 460 XII.

423 548 701 580 BERNARDUS
724 548 898 581 BEYER.
946 549 1156 582 Privatim.
1208 551 1255 581 De
1283 551 1494 582 architectura
1522 551 1687 583 msticana
1715 552 1919 592 hydraulica,
1949 558 2046 592 prae-

269 602 376 632 sertim
397 601 435 632 de
453 601 648 632 derivatione
671 611 827 642 aquaram
850 611 912 642 per
940 601 1030 632 tubos
1057 601 1292 642 subterraneos,
1319 603 1358 633 de
1375 605 1545 643 pratorum
1568 603 1755 643 irriyatione
1778 606 1807 634 et
1833 603 1872 634 de
1899 607 2048 643 ayyerum

270 653 493 691 constructione,
517 653 555 683 de
577 662 800 684 mensurarum
821 653 945 683 ratione
968 655 998 683 et
1019 652 1186 684 libratione
1209 652 1353 684 disseret
1375 658 1428 684 ter
1449 663 1510 694 per
1532 652 1633 685 hebd.

418 701 667 734 EDUARDUS
691 702 889 734 KAYSER.
934 702 1133 733 Privatim
1156 703 1180 734 1.
1228 703 1389 736 Silvaram
1412 704 1538 736 tutelam
1562 703 1700 736 docebit
1723 703 1755 736 d.
1777 704 1862 737 Lun.
1882 704 1918 736 h.
1940 704 1991 736 111
2012 708 2046 736 et

266 754 324 787 IV.
371 753 517 785 Gratis
539 754 581 785 H.
626 753 788 786 Silvarum
809 764 902 786 asam
924 754 1082 785 tractabit
1106 754 1138 785 d.
1162 754 1261 787 Mart.
1284 754 1316 787 h.
1340 755 1397 787 111.

419 804 729 836 BERTHOLDUS
769 804 915 837 STEIN.
975 805 1127 838 Gratis.
1185 806 1436 837 Horticu‘lturam
1472 807 1703 838 oeconomicam
1740 806 1877 838 docebit
1913 806 1946 839 d.
1977 807 2047 840 lov.

266 855 299 888 h.
322 856 370 887 III
393 861 426 887 et
447 855 506 888 IV.

803 1023 1109 1067 LECTORES
1142 1023 1505 1068 LINGUARUM.

420 1136 628 1168 CAROLUS
662 1136 923 1174 LENTZNER,
961 1137 1019 1171 Dr.
1079 1137 1276 1169 Privatim
1308 1137 1333 1170 Ι.
1390 1138 1503 1170 Poetis
1533 1138 1685 1178 Anylicae
1713 1138 1879 1170 historiam
1908 1138 1982 1170 inde
2008 1139 2046 1170 ab

268 1189 389 1220 saecuti
410 1188 526 1219 XVIII
544 1189 635 1220 initio
658 1198 759 1230 usque
781 1190 824 1220 acl
845 1193 989 1221 nostram
1013 1193 1145 1221 aetatem
1169 1189 1338 1220 enarrabit
1361 1189 1392 1221 d.
1410 1189 1494 1221 Lun.
1513 1193 1545 1220 et
1561 1188 1660 1221 Mart.
1675 1187 1709 1220 h.
1724 1189 1766 1221 X.
1800 1188 1842 1220 11.
1875 1188 1925 1221 De
1939 1188 2049 1230 linyua

267 1242 296 1270 et
318 1239 430 1270 litteris
442 1239 597 1280 Anylicis,
619 1240 728 1280 quales
743 1241 778 1271 in
793 1240 941 1272 America
963 1241 1202 1282 septentrionali
1211 1242 1336 1280 florent,
1353 1241 1521 1282 praefatus
1537 1240 1755 1281 Longsellowii
1770 1241 1864 1272 vitam
1881 1236 2050 1272 enarrabit

267 1295 370 1332 atque
393 1294 461 1322 eins
490 1300 588 1331 opera
609 1289 793 1322 illustrabit
816 1290 847 1323 d.
864 1291 947 1323 Lun.
972 1295 1005 1323 et
1023 1291 1121 1323 Mart.
1145 1291 1178 1324 h.
1195 1291 1253 1324 VI.
1290 1291 1579 1323 Privatissime
1604 1296 1642 1323 et
1665 1291 1797 1334 gratis
1819 1291 1877 1324 111.
1913 1290 2047 1324 Emer-cs·-

269 1342 402 1373 tationes
424 1341 576 1382 Anylicas
600 1341 830 1373 moderabitur
853 1341 885 1374 d.
909 1342 1013 1375 Mero.
1035 1342 1069 1375 h.
1092 1342 1141 1374 Vl
1166 1349 1198 1374 et
1223 1342 1294 1375 VII.

421 1392 638 1424 ANDREAS
672 1392 843 1425 PILLET.
902 1393 1044 1425 Gratis
1081 1395 1107 1427 I.
1156 1395 1411 1426 Eaeercitationes
1440 1395 1700 1435 Francoyallicas
1733 1392 1964 1426 moderabitur
1996 1392 2049 1425 bis

270 1455 330 1486 per
353 1444 455 1476 hebd.
479 1443 511 1475 h.
535 1443 602 1476 def.
650 1445 848 1476 Privatim
876 1445 917 1476 11.
962 1446 1140 1477 Historiam
1167 1445 1344 1477 litterarum
1370 1445 1686 1486 Francoyalticarum
1715 1455 1797 1478 saec.
1827 1444 1912 1477 XIX
1936 1445 2049 1477 tradet

269 1495 321 1527 bis
346 1506 406 1537 per
428 1495 530 1528 hebd.
553 1495 586 1528 h.
609 1495 676 1527 def.

421 1614 570 1646 IULIUS
589 1613 791 1646 SCHAEFF
794 1614 864 1652 ER,
888 1616 925 1648 P.
942 1615 1001 1648 Dr.
1027 1615 1171 1647 Gratis
1194 1617 1219 1648 1.
1243 1615 1313 1648 seb.
1326 1617 1442 1648 Bachii
1452 1617 1641 1648 Passionem
1655 1617 1729 1648 Iesu
1747 1615 1865 1648 Christi
1878 1617 2052 1648 secundum

269 1667 461 1698 Matthaeam
478 1666 662 1708 explicabit
679 1666 711 1699 d.
727 1666 831 1698 Mero.
847 1666 878 1697 li.
895 1667 951 1699 ΙΠ.
986 1666 1026 1698 11.
1056 1667 1164 1699 Artem
1182 1667 1331 1708 pleribus
1355 1667 1482 1700 vocibus
1506 1668 1694 1699 concinentis*
1717 1666 1854 1699 docebit
1872 1666 1975 1698 semel
1990 1677 2052 1709 per

268 1717 370 1749 hebd.
394 1717 480 1748 binis
504 1717 597 1748 horis
621 1717 687 1749 def.

420 1768 637 1800 AEMILIUS
661 1768 801 1805 BOHN,
827 1769 884 1802 Dr.
932 1769 1068 1801 Gratis
1103 1770 1126 1802 Ι.
1171 1770 1261 1802 Artis
1289 1770 1493 1802 harmonicae
1515 1774 1642 1812 partem
1664 1771 1805 1812 primam
1833 1760 1971 1802 docebit
1998 1769 2051 1802 bis

268 1831 328 1862 per
352 1820 452 1852 hebd.
478 1820 509 1853 h.
533 1820 597 1852 def.
642 1820 680 1851 ΙΙ.
725 1821 834 1861 Fayas
863 1821 994 1853 selectas
1023 1831 1062 1852 eoe
1085 1820 1155 1853 Seb.
1178 1821 1294 1853 Bachii
1322 1822 1402 1853 libro
1430 1822 1524 1861 „Das
1547 1821 1809 1864 wokltemperirte
1833 1820 1982 1854 clavieff‘
2003 1821 2050 1853 in-

270 1874 388 1913 scripto
404 1871 680 1913 interpretabitur
696 1871 798 1903 semel
815 1882 876 1914 per
892 1871 992 1904 hebd.
1010 1871 1042 1904 h.
1059 1871 1125 1905 def.
1154 1873 1210 1904 III.
1241 1872 1369 1914 Oryano
1386 1883 1500 1904 canere
1523 1872 1661 1904 docebit
1676 1873 1728 1904 bis
1742 1883 1805 1916 per
1820 1871 1921 1905 hebd.
1937 1871 1971 1904 h.
1985 1870 2050 1905 def.

423 2072 537 2102 Artem
553 2081 674 2106 rerum,
695 2081 782 2113 quae
799 2070 842 2101 ad
858 2070 1002 2113 physica
1018 2071 1196 2112 pertinent,
1221 2070 1493 2102 delineandarum
1520 2070 1657 2102 docebit
1671 2070 1886 2110 Aumann,
1909 2068 2052 2102 tutider-

271 2122 365 2155 miam
391 2123 587 2163 Tiemann,
611 2126 715 2153 artem
739 2121 899 2153 batuendi
921 2122 1087 2162 Pseiser.
2071 2162 2074 2169 Ι

423 2173 637 2204 Bibliotheca
678 2173 872 2204 academica
904 2172 1043 2204 lecturis
1077 2173 1207 2215 patebit
1245 2172 1399 2215 quotidie
1433 2172 1466 2205 h.
1494 2173 1651 2210 ῙΧ-ΙΠ,
1691 2172 1798 2204 libros
1828 2171 1983 2214 petituris
2018 2177 2052 2204 et

272 2223 453 2256 reddituris
482 2223 514 2255 h.
549 2224 735 2267 XI—11s2.
792 2224 901 2267 Leges
939 2224 1067 2256 indicat
1107 2224 1236 2258 scheda
1276 2224 1308 2255 in
1350 2223 1505 2255 conclavi
1554 2223 1676 2255 studiis
1714 2222 1829 2255 dicato
1863 2223 2052 2266 proposita.

272 2275 485 2307 Bibliotheca
519 2275 750 2307 studiosorum
784 2275 923 2317 propria
957 2275 1086 2317 patebit
1120 2275 1274 2318 quotidie
1309 2275 1351 2307 ab
1381 2275 1416 2308 h.
1439 2276 1472 2307 11
1497 2285 1608 2317 usque
1637 2274 1682 2306 ad
1709 2274 1742 2307 h.
1770 2273 1830 2306 IV.
1885 2273 2051 2317 Reliquae

272 2326 373 2358 huius
407 2326 500 2358 urbis
535 2326 777 2363 bibliothec-ae,
818 2326 1056 2369 Rehdigerana
1089 2338 1164 2358 cum
1199 2327 1370 2369 Burgiana
1403 2327 1616 2363 consociata,
1656 2326 1736 2358 item
1771 2335 1827 2363 ea,
1867 2335 1955 2368 quae
1987 2324 2051 2357 fuit

276 2377 320 2409 ad
354 2377 470 2408 aedem
500 2377 535 2410 S.
564 2377 777 2414 Bernardini‚
814 2377 961 2420 denique
993 2379 1110 2418 tertia,
1145 2389 1233 2420 quae
1267 2377 1311 2410 ad
1345 2377 1462 2409 aedem
1495 2378 1531 2410 S.
1558 2378 1687 2409 Mariae
1720 2376 1943 2420 Magdalenae
1975 2375 2051 2414 fuit,

269 2429 303 2460 in
326 2439 447 2459 novam
472 2429 596 2460 curiam
619 2429 802 2460 translatae
825 2429 991 2471 patebunt
1013 2429 1166 2472 quotidie
1188 2429 1267 2460 inde
1290 2429 1333 2460 ab
1357 2428 1389 2460 h.
1413 2429 1445 2460 X
1467 2439 1577 2471 usque
1601 2428 1645 2460 ad
1667 2428 1700 2460 h.
1722 2428 1765 2460 11.
