2138 2748
865 238 1065 320 —94

77 423 122 461 11.
175 424 237 461 De
279 425 442 462 Galeni
483 427 719 464 librorum
755 429 854 478 περὶ
893 428 1146 474 συνθέσεως
1185 428 1425 480 φαρμάκων
1463 435 1542 468 τῶν
1584 431 1699 468 κατὰ
1744 433 1850 483 γένη

629 486 877 525 codicibus
914 491 956 525 et
990 490 1300 528 editionibus.

231 560 349 593 Galeni
372 562 477 594 libros
506 562 577 604 περὶ
604 562 780 602 συνθέσεως
807 563 983 606 φαρμάκων
1004 565 1064 598 τῶν
1085 566 1169 598 κατὰ
1190 566 1276 609 γένη,
1301 567 1335 599 in
1359 567 1478 608 quibus
1502 567 1616 600 insunt
1640 568 1849 601 Damocratis
1868 574 1985 600 Codices

78 611 265 652 fragmenta
286 613 322 645 V.
346 613 396 645 VI.
420 613 484 646 VII.
506 614 560 646 IX.
582 614 622 646 X.
644 614 698 654 XI,
721 615 867 656 quinque
895 616 947 648 vel
977 626 1036 649 sex
1066 620 1240 650 servarunt
1269 619 1413 657 codices,
1437 619 1525 652 inter
1548 629 1633 660 quos
1655 630 1740 661 quae
1764 620 1849 653 ratio

77 661 274 702 intercedat,
297 664 362 696 hoc
385 665 597 706 cognationis
621 668 797 700 stemmate
821 666 1012 700 illustrabo:

607 733 644 767 [a]

317 1249 416 1283 (usque
434 1249 468 1275 ad
486 1248 516 1275 fr.
530 1247 565 1274 XI
576 1248 620 1282 97)

170 1307 192 1336 G
208 1316 280 1336 saec.
298 1308 359 1336 XIV

705 1503 736 1531 N
751 1512 823 1530 saec.
841 1504 889 1530 XV

645 1548 744 1581 (usque
757 1547 791 1573 ad
810 1547 841 1574 fr.
854 1547 889 1573 XI
902 1548 946 1580 97)

1076 1722 1099 1749 O
1117 1730 1189 1749 saec.
1208 1721 1267 1748 XVI
1442 1720 1476 1747 Μ
1493 1729 1565 1747 saec.
1584 1720 1643 1746 xvl

1418 1765 1460 1797 (fr.
1479 1764 1515 1791 11
1534 1764 1665 1797 97—196)

1027 1863 1087 1890 cod.
1100 1862 1318 1897 PliilIippsinnus

1093 1914 1166 1933 saec.
1184 1906 1243 1933 XVI

698 1939 782 1966 editio
801 1939 901 1967 Aldina
1440 1940 1523 1967 editio
1542 1940 1641 1967 Aldina

743 1991 767 2009 a.
789 1982 856 2009 1525
1484 1991 1508 2010 a.
1529 1983 1596 2010 1525

645 2026 745 2059 (usque
763 2026 798 2052 ad
812 2025 844 2054 fr.
857 2025 894 2052 XI
905 2026 949 2060 97)
1416 2026 1458 2060 (fr.
1478 2026 1513 2052 xl
1531 2026 1662 2059 97—196)

231 2141 261 2183 1)
284 2139 313 2172 C
333 2155 372 2168 =
395 2140 597 2182 Reginensis
622 2141 682 2173 172
704 2141 818 2174 bomb.
842 2141 896 2174 fol.
921 2151 1007 2174 saec.
1030 2142 1110 2182 xlv,
1139 2143 1180 2174 de
1208 2152 1273 2183 quo
1303 2142 1418 2174 codice
1448 2151 1548 2182 supra
1574 2152 1606 2182 p.
1629 2143 1649 2173 5
1673 2141 1751 2174 dixi.
1796 2142 1845 2175 Eo
1865 2146 1886 2172 c

77 2195 238 2234 tempore,
251 2202 317 2234 quo
342 2191 371 2224 C
379 2202 420 2225 ex
442 2192 558 2225 codice
579 2193 760 2234 archetypo
784 2192 958 2234 deperdito
981 2193 1027 2235 (a)
1050 2193 1345 2231 transcribebatur‚
1372 2193 1500 2234 aliquot
1526 2193 1628 2225 verba
1657 2193 1718 2226 sub
1746 2194 1846 2226 finem

77 2243 315 2285 libriseptimi
346 2244 387 2276 de
417 2253 566 2285 compos.
595 2244 715 2276 medic.
746 2253 812 2276 sec.
847 2254 971 2285 genera
994 2245 1027 2276 in
1054 2254 1075 2276 a
1103 2245 1187 2277 adeo
1211 2245 1415 2285 palluerunt,
1443 2246 1480 2276 ut
1509 2244 1573 2285 legi
1597 2254 1666 2276 non
1688 2247 1846 2285 possent:

78 2294 189 2336 itaque
222 2304 292 2327 non
325 2295 440 2336 paucis
474 2295 603 2327 lacunis
638 2295 672 2326 in
714 2293 743 2326 C
780 2295 986 2336 interruptus
1025 2298 1077 2328 est
1114 2297 1292 2328 verborum
1333 2295 1629 2328 Damocrateorum
1670 2298 1845 2328 contextus

76 2345 254 2387 praecipue
278 2346 339 2379 suh
362 2346 461 2378 finem
484 2345 661 2387 fragmenti
683 2346 894 2378 Damocratei
915 2346 968 2379 XI.

228 2405 261 2448 2)
286 2404 331 2437 Μ
346 2419 386 2433 =
408 2405 651 2438 Laurentianus
673 2405 801 2438 LXXIV
816 2406 858 2437 25
879 2405 993 2439 bomb.
1015 2406 1072 2439 fol.
1097 2406 1220 2438 saeculi
1235 2406 1306 2439 XIV
1330 2406 1475 2438 ineuntis
1498 2406 1693 2447 properanti
1717 2407 1845 2439 calamo
1865 2408 1900 2436 Π

77 2457 110 2488 et
133 2456 246 2489 multis
276 2456 462 2498 scripturae
488 2456 696 2497 compendiis
726 2458 882 2489 exaratus
911 2467 950 2489 ac
982 2457 1069 2490 lectu
1092 2458 1252 2495 difficilis;
1279 2457 1367 2490 conf.
1394 2458 1436 2490 de
1463 2458 1527 2490 hoc
1550 2458 1666 2490 codice
1688 2458 1844 2491 Bandinii

78 2507 265 2548 catalogum
282 2508 351 2540 ·vol.
375 2507 415 2540 111
437 2518 469 2548 p.
495 2508 555 2540 128
578 2517 628 2549 sq.
652 2507 767 2540 Codex
791 2507 834 2539 M
850 2509 949 2549 paulo
972 2508 1141 2550 antiquior
1163 2511 1215 2541 est
1238 2508 1353 2541 codice
1376 2508 1409 2541 C.

1644 2568 1660 2593 Ξ
