2138 2748
280 260 321 292 38

430 343 674 377 ADOLPHUS
710 341 932 380 GASPARY,
965 342 1024 375 Dr.
1047 342 1083 376 P.
1105 342 1141 376 P.
1166 343 1207 376 O.
1256 342 1430 375 Publice
1452 344 1478 376 I.
1511 344 1764 377 Exercitationes
1792 345 1958 377 seminarii
1981 343 2044 376 Ro-

279 397 440 430 manensis
472 397 731 436 Francogallicas
765 394 993 426 moderabitur
1027 394 1058 428 d.
1093 394 1163 427 Sat.
1190 395 1223 428 h.
1250 395 1291 427 X.
1320 400 1354 427 et
1380 395 1439 426 XI.
1487 395 1686 427 Privatim
1712 397 1753 428 H.
1801 396 2047 428 Grammaticam

281 451 406 489 linguae
433 448 646 479 Provinciatis
675 447 812 478 docebit
847 446 879 479 d.
909 446 991 479 Lun.
1015 446 1113 478 Mart.
1141 447 1212 479 Iov.
1237 446 1322 479 Ven.
1350 447 1383 479 h.
1411 446 1488 478 XII.
1526 446 1583 479 111.
1627 448 1769 488 Linguae
1791 447 2048 488 Francogallicae

278 503 479 532 monumenta
501 499 723 540 antiquissima
745 498 1019 540 interpretabitur
1043 497 1074 530 d.
1097 498 1200 530 Merc.
1225 503 1258 530 et
1281 499 1350 530 Sat.
1373 498 1406 531 h.
1430 497 1504 531 XII.

430 558 757 591 THEODERICUS
781 558 1028 594 SCHAEFER,
1053 558 1110 590 Dr.
1133 558 1169 591 P.
1192 558 1228 591 P.
1253 558 1294 591 O.
1338 558 1511 590 Publice
1532 559 1558 591 Ι.
1606 559 1858 590 Emercitationes
1878 558 2048 590 historicas

280 611 433 643 instituet
456 610 487 643 d.
510 610 594 643 Lun.
619 610 651 642 h.
688 610 734 642 VI
763 615 796 642 et
825 610 898 642 VH.
956 609 1151 641 Privatim
1179 609 1220 642 ΙΙ.
1274 611 1453 641 Historiam
1491 610 1720 642 Germanorum
1750 609 1918 641 enarrabit
1949 619 2049 650 usque

282 664 324 694 ad
351 667 471 704 tempus
497 663 746 703 Karolingorum
775 662 807 694 d.
836 662 941 694 Mere.
969 666 1002 693 et
1031 663 1100 693 Sat.
1129 661 1162 693 h.
1185 661 1244 694 IX.
1288 662 1346 693 ΙΙΙ.
1384 661 1616 702 Geographiam
1638 662 1820 692 historicam
1842 661 1938 692 medii
1959 664 2051 702 atque

280 715 465 745 recentioris
482 715 553 745 aevi
575 713 711 745 docebit
735 713 766 746 d.
790 713 893 745 Merc.
918 713 950 745 h.
973 712 1005 744 X
1030 718 1063 744 et
1084 714 1142 745 XI.
1186 712 1244 745 IV.
1289 713 1577 754 Palaeographiam
1598 713 1746 745 Latinam
1769 711 1903 744 docebit
1924 711 1956 743 d.
1979 711 2050 743 Sat.

280 765 313 798 h.
337 765 370 796 X
394 770 427 797 et
449 765 507 797 XI.

430 824 656 857 IOSEPHUS
679 824 898 861 PARTSCH,
923 824 981 856 Dr.
1003 824 1040 856 P.
1063 824 1098 857 P.
1124 823 1164 856 O.
1201 823 1397 855 Privatim
1420 825 1447 856 I.
1479 825 1646 856 Americae
1665 824 1893 865 geographiam
1914 822 2052 854 docebit

283 882 402 920 quater
417 888 477 919 per
492 877 593 908 hebd.
610 876 642 908 h.
655 875 746 908 VIII.
790 875 1081 908 Privatissime
1104 881 1143 907 et
1165 875 1298 918 gratis
1320 876 1361 907 H.
1395 875 1563 907 Societatis
1576 876 1806 917 geographicae
1820 875 2051 916 disputationes

282 928 511 960 moderabitur
536 928 620 958 binis
643 938 676 969 p.
699 926 801 959 hebd.
825 926 928 959 horis.

432 986 680 1019 EDUARDUS
704 986 878 1023 MEYER,
909 987 966 1019 Dr.
989 988 1025 1019 P.
1049 987 1083 1018 P.
1109 987 1148 1020 O.
1193 986 1367 1018 Publice
1389 988 1415 1018 I.
1445 988 1699 1019 Exercitationes
1722 987 1888 1019 seminarii
1910 985 2054 1019 historici

284 1039 512 1070 moderabitur
542 1038 573 1071 d.
598 1039 670 1070 Iov.
693 1038 726 1070 h.
749 1038 799 1069 VI
822 1044 854 1070 et
878 1038 951 1070 VII.
1009 1038 1203 1069 Privatim
1233 1039 1274 1070 H.
1319 1039 1367 1069 De
1388 1038 1535 1077 fontibus
1558 1038 1710 1070 historiae
1732 1039 1881 1079 antiquae
1910 1036 2054 1068 disseret

283 1091 462 1133 quinquies
486 1101 546 1131 per
570 1089 669 1121 hebd.
694 1089 725 1122 d.
748 1091 830 1122 Lun.
853 1089 952 1122 Mart.
975 1090 1079 1122 Mero.
1101 1090 1172 1122 Iov.
1196 1089 1282 1122 Ven.
1306 1089 1340 1121 h.
1363 1089 1422 1121 XI.

434 1149 666 1182 EUGENIUS
679 1148 927 1187 KOELBING,
944 1149 1002 1182 Dr.
1017 1150 1054 1182 P.
1067 1150 1103 1182 P.
1121 1149 1161 1182 Ο.
1195 1149 1391 1180 Privatim
1415 1149 1439 1180 I.
1462 1150 1639 1182 Historiam
1661 1150 1837 1182 litterarum
1848 1149 2054 1190 Anglicarum

282 1204 355 1235 inde
387 1213 407 1234 a
439 1202 580 1233 Miltonis
615 1205 752 1243 tempore
781 1202 948 1233 enarrabit
977 1202 1009 1236 d.
1038 1201 1124 1234 Ven.
1148 1201 1180 1232 h.
1203 1201 1237 1232 X
1266 1207 1300 1232 et
1321 1201 1380 1232 XI.
1424 1201 1464 1233 II.
1510 1203 1686 1234 Historiam
1715 1203 1891 1233 litterarum
1913 1201 2054 1232 Franco-

280 1255 468 1295 gallicarum
502 1263 654 1283 enarrare
688 1258 806 1295 perget
841 1252 872 1285 d.
907 1253 1005 1285 Mart.
1039 1253 1071 1286 h.
1107 1252 1155 1284 VI
1181 1258 1214 1284 et
1241 1252 1314 1285 VII.
1370 1252 1426 1284 ΙΙΙ.
1473 1254 1645 1292 Praesatus
1678 1254 1716 1284 de
1752 1252 1908 1284 Chauceri
1933 1252 1998 1283 vita
2026 1253 2055 1282 et

282 1305 429 1347 operibus
447 1305 615 1346 prologum
638 1305 844 1336 historiarum
869 1304 1148 1336 Cantuariensium
1171 1304 1446 1346 interpretabitur
1469 1304 1500 1335 d.
1522 1304 1619 1336 Mart.
1642 1303 1674 1336 h.
1699 1303 1729 1334 X
1755 1308 1788 1335 et
1810 1302 1869 1336 XI.
1912 1302 2055 1334 Priva—

284 1357 443 1387 tissime
467 1362 505 1387 et
527 1356 669 1398 gratis.
703 1355 763 1388 IV.
803 1355 976 1388 Seminarii
997 1357 1210 1389 Romanensis
1244 1356 1377 1387 sectioni
1409 1356 1562 1396 Anglicae
1594 1355 1740 1397 praeerit
1769 1354 1802 1387 d.
1831 1353 1915 1387 Veu.
1943 1353 1978 1386 h.
2005 1351 2056 1384 VI

285 1412 317 1439 et
340 1407 413 1440 VII.

435 1466 697 1499 RICHARDUS
722 1467 966 1500 COLMARUS
991 1467 1320 1504 GRUENHAGEN,
1346 1467 1403 1499 Dr.
1426 1466 1462 1499 P.
1478 1466 1514 1499 P.
1536 1466 1576 1498 E.
1613 1465 1810 1497 Privatim
1825 1465 1852 1497 Ι.
1874 1465 1923 1497 De
1939 1463 2056 1496 Silesia

283 1521 317 1550 in
346 1522 532 1560 potestatem
560 1519 737 1551 Borussiae
770 1520 899 1551 redacta
932 1524 960 1552 et
993 1520 1112 1560 legibus
1145 1521 1290 1551 instituta
1323 1524 1402 1561 aget
1435 1517 1467 1549 d.
1496 1517 1594 1549 Mart.
1624 1523 1658 1548 et
1686 1516 1771 1548 Ven.
1799 1516 1833 1548 h.
1859 1515 1918 1548 III.
1965 1514 2055 1547 Pri-

284 1570 500 1602 vatissime
524 1575 563 1601 et
586 1570 715 1612 gratis
737 1571 778 1602 H.
822 1571 1074 1603 Emercitationes
1097 1570 1482 1611 historico-diplomaticus
1505 1569 1657 1600 instituet
1680 1567 1712 1600 d.
1728 1567 1878 1600 Merc.h.
1893 1566 1935 1599 11.
1951 1572 1984 1598 et
1997 1566 2056 1598 HI.

433 1629 627 1662 IACOBUS
650 1630 1002 1667 FREUDENTHAL,
1028 1630 1085 1663 Dr.
1107 1630 1143 1663 P.
1167 1630 1202 1662 P.
1227 1630 1265 1662 E.
1316 1628 1488 1660 Publice
1510 1629 1535 1661 I.
1577 1629 1831 1660 Exercitationes
1850 1627 2056 1669 philosophas

283 1684 321 1715 de
344 1682 502 1723 Spinozae
525 1682 626 1714 ethica
648 1681 815 1712 moderari
844 1687 962 1723 perget
992 1681 1095 1712 semel
1122 1692 1184 1723 per
1214 1681 1313 1713 hebd.
1339 1680 1372 1712 h.
1397 1679 1462 1712 def.
1506 1679 1707 1711 Privatim
1728 1680 1770 1712 H.
1814 1679 2055 1720 Psychologiam

283 1733 419 1765 docebit
443 1738 562 1775 quater
583 1743 644 1775 per
667 1732 769 1765 hebd.
793 1733 826 1765 h.
851 1733 893 1766 V.

435 1792 606 1825 VICTOR
627 1793 689 1824 DE
713 1792 924 1831 RICHTER,
955 1793 1014 1826 Dr.
1037 1793 1074 1826 P.
1097 1793 1132 1825 P.
1155 1793 1195 1824 E.
1238 1791 1410 1824 Publice
1432 1793 1457 1824 Ι.
1496 1792 1691 1833 Colloquium
1713 1792 1882 1823 chemicum
1902 1790 2058 1822 instituet

285 1845 387 1876 semel
410 1855 471 1886 per
493 1844 594 1887 hebd.
639 1845 836 1876 Privatim
859 1844 898 1876 II.
940 1844 1098 1876 Chemiam
1121 1844 1292 1876 technicam
1316 1843 1453 1875 docebit
1475 1843 1527 1875 bis
1551 1854 1612 1885 per
1634 1842 1734 1875 hebd.

439 1904 569 1936 HUGO
592 1904 799 1942 WEISKE,
831 1904 889 1937 Dr.
914 1904 948 1936 P.
972 1904 1008 1936 P.
1032 1904 1071 1936 E.
1116 1903 1286 1935 Publice
1315 1904 1340 1936 I.
1387 1905 1436 1935 De
1451 1904 1627 1935 actionibus
1643 1904 1788 1934 chemicis
1811 1903 1854 1934 ad
1873 1901 2059 1934 animalium

283 1958 486 1989 nutritionem
507 1957 722 1998 spectantibus
753 1956 898 1987 disseret
927 1955 1029 1987 semel
1058 1967 1118 1997 per
1148 1955 1248 1987 hebd.
1276 1955 1309 1987 h.
1342 1954 1406 1986 def.
1456 1954 1655 1986 Privatim
1676 1954 1717 1986 H.
1757 1954 1975 1986 Zoochemiam
1998 1952 2057 1984 do-

286 2009 375 2040 cebit
403 2008 455 2039 bis
484 2018 544 2050 per
572 2007 673 2039 hebd.
702 2007 736 2040 h.
767 2007 832 2040 def.
877 2008 933 2040 111.
977 2007 1230 2039 Eaeercitationes
1260 2007 1414 2038 chemicas
1442 2007 1485 2038 ad
1511 2007 1739 2048 agriculturam
1760 2005 1956 2047 pertinentes
1989 2014 2057 2035 mo-

287 2060 459 2092 derabitur
481 2065 539 2091 aut
563 2060 742 2102 quinquies
765 2065 823 2091 aut
852 2059 904 2091 bis
927 2069 988 2100 per
1009 2057 1111 2090 hebd.
1135 2057 1167 2090 h.
1191 2057 1257 2091 def.

440 2119 699 2152 RICHARDUS
723 2118 990 2156 METZDORF,
1018 2119 1074 2151 Dr.
1098 2118 1134 2151 P.
1157 2118 1193 2150 P.
1216 2118 1256 2151 E.
1300 2118 1471 2150 Publice
1493 2119 1518 2150 I.
1557 2118 1849 2150 Demonstrationes
1871 2117 1914 2148 ad
1934 2115 2060 2148 morbos
2091 2152 2094 2159 Ι

286 2173 469 2204 animalium
497 2173 738 2204 domesticorum
763 2173 957 2213 pertinentes
983 2170 1136 2202 instituet
1159 2170 1262 2201 semel
1284 2181 1345 2212 per
1366 2169 1468 2202 hebd.
1492 2169 1525 2202 h.
1550 2168 1615 2201 def.
1665 2168 1866 2200 Privatim
1892 2167 1934 2200 H.
1972 2168 2058 2199 Ana-

287 2224 413 2255 tomiam
435 2227 463 2255 et
482 2224 713 2264 physiologiam
735 2223 919 2255 animalium
949 2223 1192 2254 domesticorum
1222 2221 1360 2253 docebit
1389 2226 1508 2264 quater
1535 2231 1597 2262 per
1623 2219 1725 2252 hebd.
1754 2219 1787 2251 h.
1811 2217 1878 2252 def.
1921 2219 1978 2251 ΠΙ.
2010 2218 2060 2250 De

285 2275 403 2306 morbis
426 2276 618 2316 contagiosis
642 2275 839 2314 animalium,
862 2275 1081 2314 contagiorum
1104 2284 1183 2314 quae
1206 2274 1249 2305 ad
1271 2274 1412 2306 homines
1441 2273 1614 2312 transferri
1640 2275 1775 2313 possunt
1802 2272 1925 2303 ratione
1953 2268 2059 2301 habita

289 2326 431 2357 disseret
453 2326 506 2357 bis
530 2337 590 2367 per
613 2325 714 2358 hebd.
736 2325 769 2358 h.
795 2325 860 2358 def.
905 2325 1195 2356 Privatissime
1210 2324 1269 2357 IV.
1302 2325 1341 2356 In
1365 2324 1556 2356 laboratorio
1571 2324 1709 2355 instituti
1722 2323 1907 2355 veterinarii
1922 2331 2058 2364 operam

289 2377 416 2408 daturis
441 2377 549 2408 aderit
572 2378 623 2409 bis
647 2388 707 2420 per
729 2377 829 2410 hebd.
853 2377 886 2410 h.
911 2376 976 2409 def.

440 2428 680 2461 SIGFRIDUS
704 2428 1066 2464 FRIEDLAENDER,
1102 2428 1159 2460 Dr.
1183 2428 1218 2459 P.
1241 2428 1276 2459 P.
1298 2427 1337 2460 E.
1381 2427 1555 2459 Publice
1573 2427 1597 2458 Ι.
1645 2427 1883 2466 Technologiam
1904 2435 2060 2466 aquamm

289 2480 445 2512 tractabit
466 2486 498 2511 et
516 2481 751 2523 experimentis
774 2480 958 2512 illustrabit
981 2479 1012 2512 d.
1038 2481 1106 2511 Sat.
1130 2479 1164 2512 h.
1187 2479 1229 2510 X.
1275 2479 1473 2511 Privatim
1502 2479 1542 2510 H.
1582 2478 1739 2510 Alcoholis
1757 2481 1785 2509 et
1797 2477 1943 2509 sacchari
1952 2475 2059 2516 sabri-
