2138 2748
238 368 270 395 K

239 564 268 591 B

241 823 268 849 P

1160 253 1180 284 6

431 358 536 390 Paulo
565 357 697 398 longius
725 367 745 389 a
774 356 927 388 codicum
949 355 991 388 H
1012 357 1045 388 et
1074 354 1147 387 MV
1166 365 1336 388 consensu
1369 355 1472 388 distat
1506 356 1611 388 codex
1637 356 1811 389 Parisinus
1839 357 1923 389 2757
1958 357 2055 389 char-

279 413 394 442 taceus
419 418 505 441 saec.
528 409 599 440 XVI
628 407 741 449 (nobis
763 406 825 448 K),
853 407 894 439 de
918 417 983 447 quo
1011 407 1159 439 breviter
1190 407 1318 439 rettulit
1339 407 1501 439 Anicetus
1527 407 1629 439 Melot
1657 407 1692 439 in
1721 408 1873 449 catalogo
1901 408 2056 440 codicum

280 470 448 492 manuscr.
471 460 702 492 Bibliothecae
734 458 860 499 Regiae
893 460 975 490 tom.
1008 458 1036 490 Π
1067 468 1142 499 pag.
1178 458 1282 499 549¹).
1335 458 1455 499 Incipit
1484 456 1676 491 ‘Tractatus
1708 457 1918 492 Harleianus’
1952 459 1988 491 in
2008 457 2062 491 >K

281 512 337 544 fol.
359 513 392 544 2¹
418 511 466 543 sic
489 511 688 552 inscriptus:
712 506 819 552 ,ἀρχὴ
842 506 1048 552 ἧφαιστίωνος
1068 510 1140 550 περὶ
1162 508 1312 551 μὲτρων.“

433 563 483 595 Ex
512 563 586 603 ipso
609 561 648 594 K
670 562 912 602 transcriptum
946 571 1022 593 esse
1050 561 1147 593 facile
1176 561 1326 593 intellexi
1349 561 1501 593 codicem
1524 562 1732 594 Bernensem
1755 562 1818 594 589
1851 562 1945 602 (olim
1967 562 2058 595 Bon-

280 614 487 655 garsianum)
522 614 736 646 chartaceum
770 623 857 645 saec.
879 613 951 645 XVI
980 612 1092 653 (nobis
1121 611 1174 652 B),
1208 622 1307 653 quem
1335 622 1425 644 anno
1453 613 1533 644 1876
1568 613 1704 645 contuli.
1748 613 1831 645 Post
1847 611 2056 645 ‘Tractatum

279 663 503 698 Harleianum'
518 665 586 705 (fol.
601 666 631 697 1¹
649 665 761 697 -f01.
777 664 848 706 23¹)
872 663 1185 696 codechontinet
1206 663 1273 695 alia
1293 664 1458 704 (maedam
1482 664 1717 704 supplementa
1739 674 1844 705 eaque
1866 663 2055 696 recentiore

280 728 381 750 manu
411 717 535 758 scripta
557 717 624 756 (fol.
648 717 705 748 23ν
730 718 764 748 et
785 716 869 758 azir),
893 726 978 757 quae
1006 716 1161 756 spectant
1189 715 1232 746 ad
1255 715 1435 747 enchiridii
1461 715 1726 756 Hephaestionei
1755 715 1938 748 editionem
1963 716 2058 756 prin-

281 770 389 810 cipem
412 768 592 810 (Iuntinam
615 778 643 800 a.
669 767 776 808 1526),
799 767 893 799 cuius
917 766 1089 807 exemplar
1111 765 1198 806 typis
1222 775 1400 797 excussum
1423 766 1524 798 finem
1547 766 1627 798 facit
1650 766 1787 798 codicis.

434 819 516 851 Cum
538 819 634 850 libris
657 817 724 849 KB
745 820 907 858 cognatus
936 817 997 849 sed
1025 817 1139 849 multis
1169 816 1302 848 mendis
1332 817 1526 858 inquinatus
1555 819 1608 850 est
1636 818 1742 850 codex
1770 818 1944 854 Parisinus
1971 818 2057 851 2677

282 871 478 903 chartaceus
502 869 596 911 (olim
612 868 837 910 Tellerianus)
861 878 948 900 saec.
964 868 1045 907 XVI,
1069 868 1126 909 qui
1148 878 1218 900 non
1242 878 1318 900 raro
1341 868 1479 909 propius
1503 879 1524 901 a
1545 869 1708 902 librorum
1725 868 1801 900 MV
1810 871 1843 901 et
1858 868 1900 900 H
1914 869 2059 902 lectione

281 923 386 954 abest.
432 922 490 960 Ea,
525 931 609 962 quae
644 920 759 953 codice
783 919 817 952 P
837 920 1064 959 continentur,
1099 919 1308 952 enumeravit
1328 920 1490 952 Anicetus
1523 921 1626 952 Melot
1658 921 1680 953 l.
1707 930 1735 953 c.
1763 931 1839 962 pag.
1861 921 1941 960 539;
1968 921 2057 954 conf.

282 974 383 1005 etiam
406 972 556 1004 Crameri
578 972 704 1004 Anecd.
728 971 835 1004 Paris.
858 972 871 1003 I
899 981 972 1012 pag.
999 971 1035 1002 11
1066 981 1150 1011 sqq„
1171 971 1349 1003 Anecdota
1370 971 1471 1003 Varia
1492 972 1504 1003 1
1526 981 1600 1013 pag.
1623 972 1696 1012 255,
1722 971 1888 1013 Philolog.
1910 972 2056 1013 Gotting.

281 1024 378 1056 XLVI
399 1034 473 1064 pag.
493 1024 507 1055 1
534 1033 617 1064 sqq„
640 1023 841 1055 Guilelmum
863 1022 1155 1055 Hoerschelmann
1178 1022 1214 1054 in
1235 1023 1319 1054 Mus.
1333 1023 1442 1055 Rhen.
1457 1023 1590 1055 XXXVI
1611 1033 1686 1064 pag.
1709 1023 1772 1055 263
1795 1025 1829 1055 et
1849 1024 1924 1056 276
1941 1019 2060 1056 ‘Trac-

281 1078 370 1108 tatus
385 1071 595 1108 Harleianus’
619 1075 656 1107 in
670 1073 704 1106 P
723 1077 802 1115 post
817 1074 1079 1115 Hephaestionis
1097 1073 1309 1105 enchiridion
1332 1074 1452 1114 legitur
1474 1074 1553 1106 inde
1576 1085 1596 1106 a
1611 1074 1693 1106 folio
1713 1075 1767 1106 81Ϊ
1789 1075 1838 1107 sic
1859 1074 2060 1116 inscriptus:

281 1127 346 1167 „eti
367 1127 438 1168 περὶ
458 1126 519 1158 τῶν
542 1126 643 1158 αὐτῶν
673 1126 705 1158 ἐν
726 1125 888 1167 συνόψει“;
923 1135 1043 1158 manus
1068 1125 1237 1157 recentior
1260 1125 1296 1157 in
1320 1125 1471 1166 margine
1494 1126 1693 1167 adscripsit:
1728 1125 1882 1167 Dionys&
1903 1125 2059 1168 Ltmyim'.

283 1178 445 1210 Codicum
467 1177 506 1209 K
523 1180 557 1210 et
578 1177 613 1209 P
631 1178 794 1209 lectiones
818 1177 958 1209 Parisiis
985 1186 1075 1209 anno
1102 1177 1183 1208 1886
1205 1186 1226 1208 a
1249 1186 1285 1208 se
1308 1176 1486 1217 diligenter
1509 1179 1684 1218 excerptas
1711 1177 1800 1209 ultro
1826 1177 1910 1210 mihi
1938 1177 2061 1210 obtulit

282 1230 473 1270 Leopoldus
503 1229 611 1268 Cohn,
642 1229 770 1270 collega
792 1228 1020 1261 doctissimus.
1065 1228 1115 1260 Ex
1138 1227 1173 1259 P
1201 1227 1400 1268 particulam
1418 1224 1611 1260 ‘Tractatus
1639 1225 1823 1262 Harleiani³
1855 1228 1961 1261 edidit
1992 1228 2061 1262 iam

281 1282 424 1314 Ioannes
448 1280 608 1322 Boivin').

436 1332 520 1364 Cum
543 1331 578 1363 P
603 1332 736 1372 cognati
759 1332 915 1364 videntur
937 1341 1013 1363 esse
1037 1331 1143 1363 codex
1165 1330 1403 1371 Neapolitanus
1426 1331 1453 1362 Π
1474 1331 1502 1363 D
1529 1331 1576 1373 1³)
1601 1331 1797 1364 chartaceus
1824 1341 1913 1366 saec.
1933 1304 2006 1365 X'VI
2028 1333 2062 1365 et

284 1385 390 1416 codex
404 1383 605 1416 Mutinensis
620 1384 662 1415 III
683 1383 708 1415 C
731 1384 752 1415 2
776 1384 972 1415 chartaceus
996 1392 1083 1415 saec.
1099 1382 1180 1420 XVI,
1205 1382 1246 1413 de
1269 1382 1390 1423 quibus
1412 1383 1559 1414 breviter
1581 1383 1692 1415 rettuli
1716 1384 1751 1415 in
1773 1382 1886 1416 annal.
1900 1384 2062 1425 philolog.

283 1446 313 1467 a.
339 1436 419 1467 1867
442 1445 516 1476 pag.
540 1435 612 1466 615.
658 1435 695 1466 In
717 1436 859 1475 utroque
878 1432 1070 1466 ‘Tractatus
1093 1432 1308 1465 Harleianus'
1334 1433 1382 1465 sic
1405 1433 1588 1475 inscriptus
1612 1436 1678 1466 est:
1702 1435 1767 1474 ,,ἔτι
1787 1436 1859 1477 περὶ
1878 1436 1941 1468 τῶν
1962 1431 2063 1468 αιηῶν

285 1487 316 1519 ἐν
338 1485 493 1527 συνόψει.“
538 1486 718 1518 Praeterea
745 1485 836 1517 idem
853 1483 1045 1517 ‘Tractatus
1068 1483 1275 1516 Harleianus'
1309 1485 1430 1525 legitur
1457 1485 1492 1517 in
1514 1486 1740 1518 Laurentiano
1761 1486 1792 1518 X
1814 1487 1853 1519 21
1884 1487 2062 1521 chartaceo

285 1548 373 1570 saec.
396 1538 453 1569 XV
477 1537 578 1578 (conf.
602 1537 714 1569 annal.
737 1536 896 1577 philolog.
920 1546 949 1568 a.
976 1536 1057 1568 1867
1079 1546 1154 1577 pag.
1177 1535 1253 1577 614)
1277 1538 1310 1568 et
1333 1536 1367 1567 in
1389 1536 1614 1569 Laurentiano
1637 1537 1719 1569 LVII
1740 1537 1781 1569 33
1809 1537 1893 1579 (non
1919 1538 1956 1570 in
1977 1539 2063 1571 Lau-

284 1589 439 1621 rentiano
461 1589 544 1621 LVII
565 1588 620 1630 23)
650 1589 827 1620 chartaceo
852 1597 940 1620 saec.
962 1587 1034 1619 XVI
1056 1587 1113 1620 fol.
1136 1588 1190 1619 5οῐ
1211 1605 1246 1610 -
1271 1587 1328 1619 fol.
1351 1588 1409 1619 59ν
1438 1587 1539 1629 (conf.
1563 1588 1722 1621 Bandinii
1748 1590 1936 1630 catalogum
1965 1589 2063 1623 codd.

283 1651 331 1681 gr.
353 1641 433 1673 bibl.
457 1640 702 1672 Laurentianae
731 1642 812 1671 tom.
834 1639 862 1671 II
889 1649 963 1679 pag.
987 1639 1074 1680 385),
1097 1639 1132 1671 in
1156 1639 1276 1680 quibus
1300 1649 1370 1671 non
1393 1649 1491 1672 secus
1514 1642 1615 1681 atque
1637 1640 1672 1672 in
1697 1639 1836 1672 MVKB
1865 1641 1931 1673 hoc
1962 1642 2062 1674 titulo

284 1692 463 1732 insignitus
499 1693 564 1723 est:
593 1689 833 1733 ‚‚‘H<poemc‹nv0;
865 1691 937 1732 περὶ
963 1689 1127 1732 μέτρων’.“
1173 1690 1315 1723 Codices
1347 1691 1614 1732 Neapolitanum,
1647 1692 1883 1732 Mutinensem,
1915 1693 2064 1726 lauren-

282 1744 393 1776 tianos
417 1743 447 1775 X
468 1743 508 1774 21
533 1744 567 1774 et
588 1743 670 1774 LVII
692 1743 733 1774 33
756 1752 826 1773 non
850 1741 988 1773 contuli.
1882 1748 1886 1754 ·

435 1794 587 1835 Denique
606 1792 798 1826 ‘Tractatus
820 1791 1029 1826 Harleianus'
1054 1793 1143 1824 inest
1167 1793 1268 1825 etiam
1291 1794 1326 1825 in
1349 1794 1465 1825 codice
1479 1793 1734 1826 Vratislaviensi
1748 1794 1985 1836 Rehdigerauo
1999 1794 2064 1827 298

283 1847 472 1884 chartaceo,
502 1855 601 1886 quem
628 1855 718 1877 anno
750 1845 833 1877 1500
855 1845 897 1877 ab
926 1844 1063 1876 homine
1086 1845 1168 1876 Italo
1193 1847 1366 1876 exaratum
1396 1855 1472 1878 esse
1501 1847 1645 1878 constat.
1689 1846 1807 1878 Insunt
1830 1846 1866 1878 in
1888 1844 1931 1886 R,
1964 1855 2064 1888 quem

283 1907 373 1929 anno
392 1898 472 1929 1887
498 1897 634 1935 contuli,
658 1897 693 1928 hi
715 1897 836 1928 libelli:
861 1895 895 1937 l)
911 1896 968 1928 fol.
988 1896 1018 1928 1¹
1035 1913 1078 1918 —-
1093 1896 1164 1928 41¹:
1187 1895 1366 1938 ,,μιχαήλου
1389 1899 1443 1928 τοῦ
1466 1892 1637 1938 ἄποστόλη,
1660 1895 1789 1938 σύναψις
1803 1897 1878 1939 (sic)
1893 1898 2066 1940 παροιμιῶν

284 1948 474 1990 ἓλληνικῶν“
498 1948 592 1989 (inc.:
612 1947 797 1990 Ἀβυδηνῶν
820 1946 1009 1989 ἐπιφόρημα,
1039 1947 1126 1979 des:
1155 1945 1319 1988 ἐπίτροπόν
1339 1958 1407 1979 τινα
1428 1947 1626 1989 κατέστησαν
1651 1948 1713 1980 τῶν
1734 1948 1875 1991 θρᾳκῶν.
1897 1947 2001 1987 chloe:
2028 1949 2063 1980 in

282 1999 449 2040 Apostolii
473 1999 621 2031 editione
644 1999 686 2030 ab
710 1999 855 2030 Ernesto
879 1998 920 2030 de
942 1998 1088 2030 Leutsch
1111 2000 1226 2030 curata
1249 2000 1307 2036 „r“
1330 1998 1518 2038 appellatur
1539 1999 1595 2030 hic
1619 1999 1736 2038 codex,
1761 1998 1817 2040 qui
1840 1999 1939 2031 nobis
1954 1998 1990 2031 R
2006 2002 2063 2032 >cst

283 2050 385 2092 [conf.
415 2050 642 2091 Paroemiogr.
671 2050 786 2082 Graec.
820 2052 901 2082 tom.
935 2050 964 2081 11
986 2059 1060 2090 pag.
1090 2049 1148 2081 XII
1181 2050 1199 2090 ξ
1235 2048 1323 2091 12]);
1359 2048 1395 2090 2)
1427 2050 1484 2081 fol.
1517 2050 1686 2082 ‘SAR-59v
1724 2050 1827 2083 med.:
1861 2050 2066 2093 ,ἐγχειρίδιον

282 2098 487 2144 ἡφαιστίωνος
506 2102 576 2143 περὶ
598 2100 788 2144 μὲτρων(“);
816 2099 850 2142 3)
873 2101 929 2132 fol.
951 2101 1008 2133 59ν
1030 2101 1117 2133 med.
1133 2101 1243 2133 -fol.
1265 2101 1327 2132 73v
1342 2101 1446 2133 med.:
1468 2104 1548 2142 post
1562 2102 1705 2141 tabulas,
1728 2102 1849 2142 quibus
1870 2104 2065 2142 poematum

438 2261 458 2294 ¹)
478 2261 556 2287 Conf.
576 2261 659 2287 etiam
678 2260 844 2287 Guilelmum
862 2260 1102 2287 Hoerschelmann
1120 2261 1148 2287 in
1167 2260 1234 2288 Mus.
1254 2261 1342 2288 Rhen.
1361 2261 1469 2288 XXXVI
1487 2269 1549 2295 pag.
1568 2262 1620 2288 279
1643 2264 1672 2288 et
1690 2262 1717 2288 in
1737 2264 1941 2296 programmate
1958 2262 2065 2289 univer-

285 2305 373 2330 sitatis
393 2305 573 2338 Dorpatensis
593 2313 617 2331 a.
638 2305 706 2331 1882
724 2312 787 2338 pag.
805 2305 838 2331 II.

436 2347 459 2380 ²)
479 2348 557 2373 Conf.
577 2347 744 2374 Guilelmum
762 2347 1000 2373 Hoerschelmann
1020 2347 1046 2373 in
1066 2347 1132 2374 Mus.
1152 2348 1241 2374 Rhen.
1260 2348 1369 2375 XXXVI
1387 2357 1448 2382 pag.
1468 2349 1527 2375 276.

440 2391 460 2424 ⁵)
480 2391 558 2417 Conf.
578 2391 672 2424 Cyrilli
692 2391 849 2424 catalogum
868 2391 1054 2417 bibliothecae
1073 2392 1247 2418 Borbonicae
1266 2394 1331 2418 tom.
1351 2392 1374 2418 11
1393 2400 1455 2426 pag.
1474 2393 1509 2418 39
1527 2401 1567 2425 sq.

437 2434 460 2467 4)
480 2434 657 2460 Enchiridion
676 2434 891 2468 Hephaestionis
918 2434 946 2460 in
965 2433 993 2461 R
1011 2435 1205 2469 transcriptum
1234 2438 1277 2462 est
1299 2443 1333 2461 ex
1357 2435 1453 2461 codice
1475 2435 1583 2469 aliquo,
1613 2436 1689 2461 cuius
1714 2436 1782 2462 folia
1808 2435 1959 2470 bibliopegi
1986 2436 2068 2470 culpa

286 2484 431 2510 perperam
450 2478 619 2511 transposita
638 2480 724 2504 erant.
760 2479 820 2504 Hoc
848 2478 920 2504 enim
939 2478 1036 2504 ordine
1055 2479 1139 2505 verba
1157 2478 1383 2512 Hephaestionea
1409 2487 1440 2504 se
1464 2478 1604 2511 excipiunt
1629 2478 1658 2504 in
1676 2477 1704 2505 R
1729 2479 1893 2513 (secundum
1920 2478 2067 2505 Gaist'ordii

286 2520 434 2546 editionem
455 2520 642 2548 Oxoniensem
661 2521 800 2555 alteram):
824 2530 885 2555 pag.
907 2522 918 2547 1
943 2530 1033 2555 usque
1051 2522 1086 2548 ad
1105 2530 1167 2555 pag.
1186 2522 1210 2553 8,
1231 2523 1264 2548 10
1282 2523 1355 2548 ἔπεσι
1373 2522 1560 2555 σπανιώτερονς
1584 2529 1646 2555 pag.
1665 2522 1708 2553 55.
1731 2522 1748 2547 9
1773 2523 1802 2548 αἳ
1817 2523 1962 2555 κυθιρσίας
1979 2529 2068 2556 usque
