2138 2748
0 1231 15 1665 .re=.gwuwrmuzvm÷ww
0 1201 12 1223 ’,Μ
0 1167 7 1189 *⁴-
0 1108 10 1155 wu
13 1059 15 1062 ⁵
13 1030 17 1034 .

0 2211 12 2314 Ξ

0 2319 11 2360 ὗ

0 2361 14 2488 i

961 233 1062 265 13·

241 333 504 366 LUDOVICUS
522 333 727 371 GITZLER,
750 335 807 367 Dr.
823 334 859 367 P.
875 334 911 367 P.
929 334 969 367 O.
1014 334 1198 369 Publice.
1242 337 1394 370 Ordinem
1409 339 1599 371 iudiciorum
1616 342 1644 370 et
1659 339 1871 379 coqnitionum

90 386 125 418 in
148 385 256 418 causis
279 385 566 417 matrimonialibus
590 390 738 427 exponet
761 385 793 419 d.
816 386 899 417 Lun.
924 390 957 417 et
979 386 1078 419 Mart.
1104 387 1134 420 b.
1160 387 1234 420 XII.

238 435 373 468 FELIX
400 435 542 473 DAHN,
578 436 636 469 Dr.
661 436 696 470 P.
720 436 755 468 P.
781 436 820 470 O.
872 436 1045 468 Publice
1074 439 1099 470 Ι.
1150 439 1188 470 In
1217 441 1390 472 seminario
1418 442 1506 481 reyio
1536 441 1636 473 Taciti
1666 441 1872 473 Germaniam

89 486 367 529 interpretabitur
389 487 492 519 semel
516 498 576 530 per
599 487 700 520 hebd.
745 488 786 520 II.
831 489 870 520 In
892 489 999 520 eodem
1022 491 1262 523 exercitationes
1284 492 1366 523 iuris
1389 492 1492 523 civilis
1510 491 1694 524 Germanici
1716 491 1870 523 instituet

87 538 191 570 semel
215 549 276 580 per
299 538 400 572 hebd.
445 538 645 571 Privatim
670 539 727 572 111.
772 540 951 572 Historiam
965 541 1048 572 iuris
1071 541 1253 573 Germanici
1276 541 1414 573 docebit
1437 543 1549 585 quinis
1574 543 1743 585 prioribus
1767 542 1867 575 hebd.

87 588 176 622 dieb.
199 589 258 622 lV.
274 590 330 621 Ius
342 590 532 629 commercii,
549 590 700 622 cambiale
717 594 744 622 et
759 592 953 622 maritimum
967 591 1190 624 Germanicum
1213 593 1325 625 tradet
1347 594 1458 636 quinis
1476 594 1645 636 prioribus
1663 594 1764 627 hebd.
1781 594 1869 627 dieb.

238 640 529 673 HERMANNUS
554 640 800 681 SEUFFERT,
828 641 884 674 Dr.
909 641 944 674 P.
968 641 1004 674 P.
1029 641 1068 675 Ο.
1118 643 1291 675 Publice
1314 644 1339 676 1.
1384 646 1423 677 In
1445 647 1617 677 seminario
1640 647 1728 686 reyio
1751 647 1869 678 exerci-

87 692 222 725 tationes
244 693 327 724 iuris
351 693 527 725 criminalis
550 696 579 724 et
595 702 770 734 processus
793 693 895 724 civilis
918 693 1148 726 moderabitur
1172 695 1204 728 d.
1222 694 1291 729 Sat.
1310 695 1342 728 h.
1361 696 1439 728 VIII
1457 701 1489 727 et
1504 696 1564 728 IX.
1603 696 1802 728 Privatim
1826 696 1867 728 11.

85 743 142 776 Ius
164 743 329 775 criminale
358 742 496 775 docebit
520 742 551 775 d.
574 743 657 775 Lun.
682 743 780 775 Mart.
804 743 907 775 Merc.
930 744 1001 777 Iov.
1026 744 1110 776 Ven.
1136 746 1167 778 b.
1192 745 1273 778 VIII
1302 751 1336 779 et
1362 747 1392 779 d.
1418 747 1516 780 Mart.
1541 747 1572 778 h.
1598 747 1627 778 V
1653 753 1686 779 et
1709 747 1764 780 v1.
1810 746 1867 779 111.

89 794 279 827 Processum
302 795 499 826 criminalem
522 799 669 836 exponet
692 795 723 826 d.
747 794 832 828 Lun.
856 795 954 827 Mart.
979 796 1082 829 Mero.
1105 798 1175 828 Iov.
1202 797 1283 829 Ven.
1309 797 1341 830 h.
1364 798 1423 830 IX.

241 845 480 877 SIGFRIDUS
500 845 614 881 BRIE,
639 845 697 877 Dr.
720 845 755 877 P.
777 845 812 878 P.
837 845 876 878 Ο.
908 846 1080 879 Publice
1102 849 1127 880 Ι.
1157 849 1196 880 In
1218 850 1390 881 seminario
1413 851 1500 890 reyio
1523 851 1764 882 exercitationes
1786 850 1868 882 iuris

88 896 295 929 ecclesiastici
321 896 551 928 moderabitur
578 896 610 929 d.
636 896 719 930 Ven.
743 896 776 930 h.
800 896 841 930 V.
893 897 1091 930 Privatim
1121 899 1162 933 11.
1206 901 1262 932 Ius
1295 901 1543 933 ecclesiasticum
1572 901 1805 933 catholicorum
1838 904 1868 932 et

85 947 348 989 &angelicorum
372 947 510 979 docebit
533 947 644 990 quinis
668 948 837 990 prioribus
855 948 956 981 hebd.
974 949 1093 981 dIebus
1110 950 1142 981 li.
1160 950 1218 983 ΧΙ.
1261 951 1316 983 III.
1354 953 1642 993 Encyclopaediam
1657 953 1739 984 iuris
1756 951 1866 983 tradet

87 997 120 1031 d.
142 997 226 1032 Lun.
249 998 353 1031 Mero.
379 998 462 1031 Ven.
487 997 519 1031 h.
543 998 586 1030 X.
630 998 689 1030 IV.
734 1000 790 1031 Ius
811 1001 949 1040 ⁸qentium
971 1001 1158 1033 hodiernum
1182 1007 1330 1044 exponet
1353 1002 1385 1035 d.
1410 1003 1508 1036 Mart.
1532 1003 1603 1034 lov.
1625 1003 1695 1036 Sat.
1720 1002 1752 1036 h.
1775 1003 1819 1035 X.

83 1047 86 1051 ’
248 1049 538 1082 HERMANNUS
563 1049 760 1091 SCHOTT,
785 1050 841 1083 Dr.
865 1052 900 1082 Ρ.
926 1050 959 1084 Ρ.
986 1051 1026 1085 O.
1071 1052 1241 1084 Publice
1265 1054 1289 1085 1.
1333 1055 1407 1094 Diy.
1431 1055 1450 1086 l.
1480 1055 1554 1087 VIII
1575 1055 1617 1086 tit.
1645 1055 1732 1085 4-6
1764 1054 1866 1086 inter-

85 1100 273 1143 pretabitur
296 1101 327 1132 d.
350 1102 421 1134 Iov.
445 1100 477 1133 h.
497 1100 527 1131 V
551 1106 584 1133 et
599 1101 657 1134 VI.
708 1101 908 1134 Privatim
932 1102 972 1136 11.
1017 1104 1194 1136 Historiam
1218 1106 1300 1136 iuris
1322 1105 1461 1137 Romani
1483 1104 1595 1137 tradet
1618 1104 1650 1138 d.
1668 1105 1749 1136 Lun.
1767 1105 1865 1137 Mart.

84 1151 188 1184 Mero.
211 1152 282 1185 Iov.
298 1151 384 1185 Ven.
408 1151 440 1184 h.
457 1152 546 1185 VIII.
589 1152 647 1185 ΙΙΙ.
691 1153 924 1185 pandectarum
940 1155 1116 1186 doctrinam
1137 1156 1315 1196 yeneralem
1339 1160 1367 1188 et
1389 1157 1450 1196 ius,
1474 1158 1556 1198 quod
1575 1157 1711 1198 pertinet
1733 1157 1776 1188 ad
1797 1167 1862 1196 res,

86 1202 223 1235 docebit
246 1202 278 1236 d.
294 1203 377 1236 Lun.
396 1203 493 1236 Mart.
522 1203 625 1236 Mero.
648 1203 719 1236 Iov.
752 1203 835 1237 Ven.
859 1204 892 1237 h.
915 1204 974 1241 IX,
1000 1205 1032 1237 d.
1057 1205 1154 1237 Mart.
1179 1205 1212 1238 h.
1238 1206 1282 1237 VI
1308 1211 1341 1238 et
1364 1206 1395 1239 d.
1421 1207 1523 1238 Mero.
1548 1207 1580 1239 Ii.
1606 1206 1645 1240 V.

238 1253 446 1287 CAROLUS
469 1254 505 1286 L.
534 1254 572 1288 B.
596 1254 657 1286 DE
686 1253 916 1291 STENGEL,
954 1256 1010 1289 Dr.
1037 1255 1072 1288 P.
1101 1255 1135 1289 l’.
1165 1255 1205 1289 Ο.
1254 1257 1426 1289 Publice
1451 1258 1475 1290 Ι.
1520 1258 1559 1290 In
1581 1258 1754 1290 seminario
1776 1259 1865 1299 reyio

86 1306 327 1339 exercitationes
350 1307 433 1338 iuris
452 1306 573 1347 publici
594 1305 824 1338 moderabitur
840 1306 871 1338 d.
889 1306 992 1340 Merc.
1009 1307 1039 1341 h.
1060 1307 1106 1339 VI
1122 1318 1216 1350 vesp.
1246 1308 1446 1340 Privatim
1462 1309 1502 1340 11.
1530 1309 1767 1351 Philosophiam
1782 1310 1865 1342 iuris

85 1355 223 1389 docebit
238 1356 270 1390 d.
286 1357 386 1390 Mart.
402 1356 506 1389 Mero.
523 1358 593 1390 Iov.
611 1357 642 1390 h.
660 1357 724 1390 VII
739 1362 816 1390 mat.
862 1358 917 1390 III.
963 1359 1019 1391 Ius
1040 1359 1204 1400 publicum
1229 1359 1452 1392 Germanicum
1475 1364 1503 1392 et
1525 1361 1731 1392 Bona-uicum
1754 1360 1864 1392 tradet

83 1407 116 1440 d.
138 1408 222 1441 Lun.
245 1408 342 1440 Mart.
366 1408 469 1441 Mero.
494 1408 563 1441 Iov.
581 1407 666 1440 Ven.
690 1408 722 1440 h.
741 1409 799 1440 XI.
844 1408 903 1442 IV.
948 1410 1015 1450 Ius,
1039 1411 1123 1452 quod
1140 1412 1279 1452 pertinet
1301 1413 1344 1443 ad
1366 1412 1507 1444 colonias
1530 1412 1657 1453 imperii
1671 1411 1864 1452 Germanici,

83 1458 220 1492 docebit
243 1459 276 1493 d.
298 1460 382 1493 Lun.
407 1466 440 1491 et
464 1459 548 1493 Ven.
576 1459 608 1492 h.
635 1459 680 1492 VI
703 1471 797 1502 vesp.

234 1510 369 1543 FELIX
394 1510 664 1543 FRIDERICUS
689 1510 853 1547 BRUCK.
877 1511 936 1545 Dr.
952 1511 988 1545 P.
1004 1512 1040 1545 P.
1056 1512 1096 1547 E.
1147 1513 1319 1545 Publice
1336 1513 1360 1546 Ι.
1403 1514 1476 1554 Ius,
1501 1515 1585 1556 quod
1606 1515 1647 1546 ad
1668 1516 1864 1547 inventiones

76 1563 226 1606 pertinet,
250 1563 479 1603 (Patentrecht)
503 1561 640 1594 docebit
663 1561 695 1595 d.
715 1562 784 1594 Sat.
807 1562 840 1595 h.
856 1564 914 1595 XI.
959 1563 1156 1595 Privatim
1180 1565 1222 1597 11.
1262 1566 1318 1597 Ius
1336 1566 1499 1607 privatum
1523 1566 1731 1597 Borussicum
1753 1565 1865 1598 tradet

83 1612 115 1646 d.
131 1613 215 1646 Lun.
233 1613 330 1646 Mart.
348 1613 450 1646 Mero.
467 1613 537 1646 Iov.
554 1613 636 1645 Ven.
660 1613 693 1645 h.
716 1614 773 1646 XI.
823 1615 880 1646 111.
928 1615 1092 1647 Theoriam
1111 1626 1285 1657 processus
1308 1617 1410 1648 civilis
1433 1616 1544 1648 tradet
1568 1617 1720 1658 quotidie
1743 1616 1776 1649 h.
1788 1618 1862 1650 XII.

235 1663 468 1697 GEORGIUS
493 1664 632 1706 EGER,
669 1665 726 1697 Dr.
772 1665 967 1697 Privatim
990 1667 1014 1699 Ι.
1044 1667 1115 1699 ,Ius
1138 1668 1317 1699 commercii
1339 1671 1367 1699 et
1390 1668 1541 1700 cambiale
1556 1667 1677 1700 tradet.
1723 1668 1763 1700 11.
1807 1669 1863 1700 Ius

15 1726 18 1732 ·
80 1716 207 1758 postale
230 1719 259 1748 et
281 1716 523 1758 teleyrapkicwn
546 1715 684 1748 docebit
707 1716 807 1748 semel
834 1727 892 1759 per
915 1717 1017 1750 hebd.
1039 1717 1073 1750 h.
1098 1717 1164 1750 def.

234 1766 574 1799 MAXIMILIANUS
597 1767 907 1804 PAPPENHEIM,
944 1768 1002 1801 Dr.
1047 1768 1242 1801 Privatim
1272 1769 1297 1802 I.
1339 1771 1387 1802 De
1415 1771 1522 1802 codice
1551 1772 1633 1802 iuris
1656 1771 1758 1802 civilis
1784 1771 1861 1803 Ger·

81 1819 201 1850 manici
225 1818 458 1860 promalyando
488 1818 631 1850 disseret
655 1818 687 1851 d.
711 1818 813 1852 Merc.
837 1825 870 1851 et
893 1819 962 1851 Sat.
986 1818 1019 1851 h.
1045 1819 1085 1853 V.
1129 1821 1170 1853 II.
1212 1821 1268 1853 Ius
1286 1821 1450 1862 privatum
1479 1821 1702 1853 Germanicam
1725 1821 1862 1854 docebit

13 1910 15 1912 ι
82 1869 235 1912 quotidie
258 1869 291 1900 h.
315 1868 348 1900 X
372 1873 405 1901 et
429 1868 461 1902 d.
485 1869 556 1903 Sat.
580 1869 612 1902 h.
636 1869 695 1902 XI.

233 1919 538 1953 CHRISTIANUS
556 1920 758 1958 MEURER,
783 1921 840 1954 Dr.
878 1921 1089 1957 Privatim.
1133 1923 1189 1955 Ius
1211 1923 1283 1955 belli
1306 1923 1416 1955 tradet
1440 1923 1472 1955 d.
1496 1923 1566 1956 Iov.
1590 1923 1624 1958 h.
1648 1923 1678 1955 V
1703 1929 1737 1956 et
1762 1924 1817 1957 VI.

231 1971 474 2004 ERNESTUS
499 1971 691 2009 STAMPE,
717 1972 775 2004 Dr.
820 1972 1000 2006 Lectiones
1023 1984 1090 2006 non
1114 1974 1263 2007 habebit.

694 2085 855 2128 ORDO
886 2085 1246 2129 MEDICORUM.

231 2178 508 2212 RUDOLPHUS
523 2179 699 2213 PETRUS
714 2180 945 2213 HENRICUS
959 2180 1261 2217 HEIDENHAIN.
1275 2180 1332 2214 Dr.
1342 2181 1376 2212 P.
1386 2181 1420 2212 P.
1431 2181 1543 2214 O.b.t.
1553 2181 1636 2213 Dec.
1649 2181 1822 2214 Publice
1833 2183 1858 2214 1.

79 2231 130 2264 De
157 2231 262 2263 calore
290 2232 423 2263 animali
457 2231 601 2263 disseret
636 2231 668 2264 d.
698 2231 781 2264 Lun.
811 2231 843 2264 h.
871 2231 931 2266 IV.
993 2231 1189 2263 Privatim
1222 2232 1261 2264 11.
1312 2232 1534 2273 Physioloyiae
1561 2237 1687 2274 partem
1716 2234 1860 2275 priorem

81 2282 323 2324 (physioloyiam
345 2283 523 2323 yeneralem
550 2287 579 2315 et
598 2284 778 2319 functiones
801 2284 976 2323 systematis
998 2285 1127 2315 nervosi
1154 2293 1211 2315 nec
1232 2294 1297 2315 non
1319 2284 1546 2325 musculorum)
1575 2283 1687 2315 tradet
1714 2283 1746 2317 d.
1774 2283 1858 2317 Lun.

80 2333 179 2366 Mart.
196 2333 266 2366 Iov.
283 2333 366 2366 Ven.
390 2333 422 2366 h.
437 2333 526 2370 VIII,
551 2333 583 2367 d.
607 2333 710 2367 Merc.
735 2338 768 2366 et
796 2333 864 2367 Sat.
889 2333 921 2366 h.
940 2333 1012 2367 VII.
1056 2334 1114 2367 111.
1159 2335 1370 2375 Histoloyiam
1392 2333 1529 2366 docebit
1552 2334 1584 2368 d.
1611 2334 1711 2367 Merc.
1735 2340 1769 2367 et
1786 2335 1857 2368 Sat.

80 2382 113 2417 h.
138 2383 197 2416 IX.
242 2384 534 2416 Privatissime
555 2385 615 2418 IV.
662 2386 798 2417 Cursum
820 2386 1080 2427 microscopicum
1104 2385 1226 2428 diriget
1249 2385 1281 2417 d.
1294 2385 1393 2418 Mart.
1417 2390 1450 2416 et
1465 2385 1568 2417 Merc.
1592 2391 1651 2417 aut
1674 2385 1706 2419 d.
1728 2386 1800 2420 Iov.
1823 2391 1858 2419 et

79 2434 162 2469 Ven.
185 2434 219 2469 h.
242 2435 290 2468 111
313 2440 347 2467 et
369 2435 427 2469 1V.
475 2435 514 2470 V.
552 2437 806 2468 Exercitationes
824 2436 1061 2478 physioloyicas
1084 2435 1182 2467 offert
1205 2436 1358 2479 quotidie
1387 2436 1481 2468 horis
1503 2437 1684 2471 matutinis.
