2138 2748
1162 271 1200 303 12

442 374 495 415 IV)
518 374 598 405 Inde
621 383 642 405 a
664 373 744 405 folio
771 374 849 405 176ΙΓ
871 373 989 414 incipit
1011 376 1182 414 tamquam
1205 384 1312 406 novus
1336 375 1443 406 codex
1465 374 1672 415 undeviginti
1696 375 1973 415 quaternionibus
1996 376 2065 418 (fol.

294 425 487 462 176—327;
523 425 604 456 folia
636 425 816 456 325-327
857 425 1023 465 scriptura
1061 435 1165 458 vacua
1203 426 1320 458 relicta
1355 425 1445 467 sunt)
1480 435 1634 458 seorsum
1672 427 1854 459 numeratis
1893 429 2066 460 constans.

291 476 477 516 Bibliopegi
506 476 603 516 culpa
633 475 761 516 aliquot
790 476 870 508 folia
900 476 1131 516 quaternionis
1160 477 1248 509 XVII
1277 479 1309 508 et
1338 476 1568 518 quaternionis
1591 477 1690 509 XVIII
1711 486 1888 518 perperam
1912 478 2067 511 ordinata

292 529 384 564 sunt,
415 526 645 567 quaternionis
674 526 758 558 XVII
787 526 867 559 folia
895 527 960 558 hoc
989 527 1107 559 ordine
1131 538 1206 560 sese
1230 528 1383 568 excipere
1415 527 1598 560 debebant:
1626 527 1682 560 fol.
1706 528 1778 560 304.
1802 529 1874 560 305.
1898 529 1970 562 308.
1994 530 2066 562 309.

290 578 363 609 314.
393 578 464 609 315.
493 578 565 609 306.
595 578 667 616 307,
698 578 929 618 quaternionis
959 577 1058 610 XVIII
1081 578 1161 610 folia
1183 579 1248 610 hoc
1272 579 1406 611 ordine:
1430 578 1486 610 fol.
1510 579 1583 611 310.
1606 579 1679 610 311.
1703 579 1775 611 317.
1799 579 1872 611 316.
1895 580 1968 612 319.
1992 581 2065 613 318.

290 630 361 660 312.
386 629 457 660 313.
504 628 730 660 Continentur
759 629 848 660 foliis
881 629 960 660 176Γ
989 639 1061 670 sqq.
1091 630 1208 662 Galeni
1242 629 1319 661 libri
1354 630 1395 662 de
1430 640 1579 670 compos.
1614 629 1732 662 medic.
1768 640 1834 662 sec.
1867 641 1991 672 genera
2024 642 2066 664 ex

291 680 406 712 codice
440 679 466 718 b,
499 681 681 720 postquam
716 680 743 711 is
777 680 887 712 varias
923 680 1091 712 contraxit
1123 680 1217 713 labes
1252 683 1286 712 et
1319 681 1415 713 initio
1442 681 1614 713 mutilatus
1645 683 1711 720 est,
1741 681 1823 713 satis
1853 683 2067 724 neglegenter

291 731 461 772 descripti.
506 731 626 771 Incipit
649 731 739 763 enim
759 731 875 763 folium
901 732 980 763 176r
1002 732 1055 763 his
1078 732 1190 764 verbis
1213 733 1347 773 (quibus
1371 732 1497 764 nullam
1513 732 1768 773 inscriptionem
1789 733 1964 773 praemisit
1989 733 2067 776 01):

291 779 368 825 μήδ’
398 781 478 820 ὅλως
506 781 675 814 δάκνοντα·
703 781 848 814 λέλεκται
877 781 1017 824 πρόσθεν
1045 783 1095 814 ἐπὶ
1129 783 1311 825 r(sequitur
1339 784 1460 815 lacuna
1488 783 1621 816 circiter
1655 783 1832 816 duodecim
1865 784 2065 827 litterarum)

289 833 345 875 τὴν
368 832 518 875 ρυπτικήν
545 832 671 875 δύναμιν
697 833 764 875 ἔχει
791 832 830 864 τὰ
857 832 909 866 τὸν
937 833 1033 865 πολὺν
1061 833 1245 876 ἐπιφέροντα
1271 834 1381 876 ῥῦπον·
1417 833 1497 866 ὥστε
1524 835 1589 866 ἔνια
1614 837 1676 867 τῶν
1697 834 1866 877 εἰρημένων
1888 833 2064 878 φαρμάκων
2103 845 2105 847 ’

290 885 422 927 χλωρῶν
445 884 488 916 ἑνὶ
511 883 603 926 μόνω,
627 895 712 925 quae
735 885 890 925 leguntur
913 885 947 917 in
970 885 1056 918 libro
1073 886 1100 917 II
1123 886 1234 918 medio
1252 885 1330 928 [vol.
1346 886 1417 917 XIII
1431 896 1463 926 p.
1479 886 1552 924 499,
1571 886 1611 917 10
1626 886 1677 918 ed.
1692 885 1838 928 Kuehn].
1882 886 1919 918 In
1935 896 2066 919 summo

291 936 441 976 margine
465 935 535 967 folii
563 936 641 967 176Γ
667 935 716 966 0²
739 937 803 968 hoc
827 937 920 968 addit
943 939 1192 977 argumentum:
1221 938 1292 979 περὶ
1313 940 1373 969 τῶν
1396 936 1530 979 ἰσχυρῶς
1552 935 1726 978 ῥυπτόνῑων
1747 935 1935 979 φαρμάκων.»
1974 937 2067 970 Reli-

291 997 375 1028 quae
398 987 509 1028 operis
534 987 709 1019 Galeniani
731 989 845 1028 partes
869 998 987 1030 omnes
1010 998 1117 1029 usque
1139 989 1182 1020 ad
1203 988 1305 1020 finem
1326 988 1532 1029 perscriptae
1556 989 1633 1020 sunt
1657 987 1691 1019 in
1717 987 1744 1018 O
1766 988 1822 1020 fol.
1847 989 2065 1022 176ῐ---322ν

290 1038 377 1070 med.
401 1039 500 1078 (des.:
524 1034 624 1076 ἁπλᾶς
646 1037 761 1071 τούτων
783 1038 887 1080 φύσεις
911 1054 950 1066 =
973 1039 1037 1071 vol.
1061 1039 1132 1071 XIII
1154 1050 1185 1080 p.
1206 1040 1296 1078 1058,
1315 1041 1355 1071 10
1369 1040 1421 1071 ed.
1444 1039 1592 1080 Kuehn);
1615 1039 1700 1071 duae
1723 1041 1836 1071 tamen
1859 1039 1895 1072 in
1920 1039 1948 1071 0
1968 1040 2065 1073 hiant

289 1090 443 1128 lacunae,
478 1090 598 1130 quibus
633 1090 750 1122 Galeni
783 1091 885 1123 verba
918 1091 985 1122 iam
1015 1091 1049 1122 in
1079 1091 1195 1123 codice
1223 1090 1240 1122 b
1269 1092 1455 1132 interrupta
1489 1091 1608 1129 fuisse,
1643 1100 1708 1131 quo
1741 1092 1894 1131 tempore
1925 1090 1952 1122 O
1979 1101 2020 1124 ex
2049 1091 2066 1123 b

291 1141 560 1180 describebatur,
591 1144 857 1173 consentaneum
885 1144 951 1174 est:
985 1141 1017 1183 a)
1047 1142 1102 1174 fol.
1135 1143 1215 1174 182r
1241 1142 1299 1174 inf.
1328 1142 1537 1182 abrumpitur
1568 1143 1744 1174 contextus
1772 1142 1884 1174 verbis
1911 1141 2018 1184 λίτραν
2045 1153 2067 1174 α

291 1193 344 1234 (=
367 1193 431 1224 vol.
455 1193 526 1224 XIII
547 1203 580 1233 p.
603 1194 676 1231 524,
702 1194 736 1225 11
763 1193 815 1225 ed.
837 1193 980 1234 Kuehn),
1010 1195 1079 1226 tres
1108 1194 1282 1235 proximae
1310 1193 1452 1234 paginae
1481 1193 1647 1234 scriptura
1667 1202 1792 1225 vacuae
1815 1193 1951 1226 relictae
1974 1195 2064 1233 sunt,

291 1244 413 1276 deinde
441 1245 590 1285 pergitur
619 1244 674 1276 fol.
707 1245 786 1276 184Γ
814 1245 868 1276 his
896 1245 1024 1277 verbis:
1051 1245 1106 1276 καὶ
1131 1243 1186 1282 τὰς
1209 1245 1262 1286 (=
1285 1255 1317 1285 p.
1346 1245 1418 1283 534,
1442 1245 1462 1276 8
1485 1245 1536 1276 ed.
1559 1244 1707 1285 Kuehn);
1735 1245 1771 1285 b)
1794 1244 1851 1276 fol.
1873 1245 1956 1277 204²
1977 1245 2066 1278 med.

291 1296 500 1336 abrumpitur
534 1298 711 1328 contextus
745 1296 856 1328 verbis
891 1297 950 1334 eis,
985 1306 1070 1337 quae
1104 1296 1139 1328 in
1173 1296 1320 1328 editione
1348 1296 1548 1328 Kuehniana
1575 1296 1731 1336 leguntur
1757 1295 1829 1327 XIII
1855 1306 1888 1336 p.
1916 1296 1991 1336 635,
2017 1297 2066 1335 15,

292 1348 437 1388 quinque
466 1347 640 1388 proximae
667 1347 810 1388 paginae
838 1350 871 1379 et
899 1347 1039 1379 dimidia
1068 1347 1233 1388 scriptura
1260 1357 1383 1379 vacuae
1411 1347 1548 1379 relictae
1576 1349 1664 1385 sunt,
1692 1347 1814 1379 deinde
1835 1347 1986 1388 pergitur
2006 1347 2064 1380 fol.

291 1399 373 1431 207r
395 1399 448 1431 his
471 1399 600 1430 verbis:
623 1397 768 1440 ἀνδράσιν
791 1398 835 1436 οῖς
857 1399 942 1430 εἶπον
965 1399 1018 1440 (--
1042 1409 1073 1439 p.
1097 1399 1170 1438 642,
1196 1399 1235 1431 16
1259 1399 1309 1431 ed.
1332 1399 1475 1439 Kuehn).

444 1459 483 1500 V)
507 1459 590 1490 Post
605 1459 795 1491 absolutum
812 1459 929 1491 Galeni
952 1459 1114 1491 librorum
1130 1459 1171 1491 de
1188 1469 1337 1500 compos.
1361 1459 1480 1491 medic.
1498 1468 1563 1490 sec.
1580 1467 1704 1498 genera
1718 1458 1872 1490 ultimum
1888 1458 1958 1500 (fol.
1970 1458 2067 1500 322⁷)

293 1509 407 1542 statim
431 1510 466 1541 in
490 1510 607 1542 eadem
630 1510 719 1542 linea
742 1510 847 1550 (nulla
871 1510 1117 1551 subscriptione
1141 1512 1197 1542 aut
1220 1510 1440 1551 inscriptione
1463 1509 1589 1548 addita)
1613 1509 1764 1550 sequitur
1779 1509 1943 1550 Stephani
1965 1510 2067 1552 colly—

293 1562 377 1593 rium
408 1561 461 1593 his
496 1562 607 1593 verbis
637 1564 852 1602 conceptum,
882 1572 1023 1602 quorum
1052 1561 1197 1602 primum
1226 1572 1246 1593 a
1269 1562 1370 1594 rubra
1394 1562 1504 1593 littera
1527 1560 1660 1601 incipit:
1682 1559 1847 1602 κολλύριον
1868 1556 2068 1604 ὂφθαλμικὸν

292 1611 379 1654 παρὰ
407 1611 559 1654 στεφάνου
589 1613 694 1654 ἰατροῦ
723 1616 778 1644 τοῦ
805 1613 974 1655 μαγίστρου
998 1615 1069 1652 etc„
1093 1613 1163 1645 des.
1188 1613 1243 1645 fol.
1267 1613 1363 1645 324v:
1393 1611 1638 1655 σαχαρόθερμον
1665 1610 1809 1654 ὄμφακος
1835 1611 1947 1654 χυλὸς·
1977 1611 2066 1655 ῥοδό-

292 1675 416 1706 σταγμα
439 1665 493 1695 καὶ
515 1664 604 1702 οἶνος.
617 1665 641 1705 1)

446 1818 471 1851 ¹)
509 1819 643 1853 Stephani
663 1819 776 1852 collyrii,
796 1819 871 1852 quod
890 1819 1014 1845 nondum
1034 1818 1137 1845 editum
1157 1820 1206 1849 est,
1225 1818 1310 1844 verba
1328 1817 1430 1848 omnia,
1450 1816 1544 1851 qualia
1562 1817 1589 1843 in
1610 1815 1634 1843 Ο
1651 1816 1753 1843 tradita
1771 1819 1842 1847 sunt,
1861 1817 1976 1845 addam:

446 1862 593 1895 Κολλύριον
612 1860 782 1895 ὁφθαλμικόν
801 1862 874 1895 παραὶ
894 1862 1024 1895 στεφάνου
1045 1863 1135 1895 ἰατροῦ
1159 1863 1206 1887 τοῦ
1231 1864 1374 1895 μαγίστρου
1397 1862 1502 1894 ἐνεργὲς
1520 1862 1568 1887 καί
1585 1860 1654 1894 ἄγαν
1673 1857 1804 1894 ὠφέλιμον
1822 1861 1888 1894 πρός
1906 1869 1937 1888 τι
1952 1861 2002 1894 τὰς
2018 1863 2070 1889 τῶν

293 1903 440 1952 ὀφξλαλμών
459 1906 509 1939 (sic
530 1905 580 1940 0¹)
600 1906 751 1939 φλεγμονὰς
768 1908 816 1932 καί
839 1905 965 1937 ἑλκώσεις
987 1907 1034 1932 τοῦ
1057 1906 1258 1942 κερατοειδοιῖς·
1282 1907 1330 1931 καί
1352 1904 1515 1938 προπτώσεις
1537 1905 1584 1930 τοῦ
1608 1905 1764 1937 ραγοειδοῦς
1787 1904 1848 1938 (sic)
1871 1904 1916 1930 διὰ
1938 1905 2070 1942 ῥεύματος

292 1958 390 1983 λεπτοῦ
408 1959 455 1983 καί
473 1957 543 1990 ἄγαν
563 1959 674 1990 δριμέως
692 1959 848 1991 γιγνομένας
867 1955 911 1990 ἐφ’
928 1957 962 1983 ῶν
981 1955 1058 1983 οὐδὲν
1076 1958 1127 1982 τῶν
1145 1955 1237 1983 οἱπλῶν
1256 1956 1405 1990 φαρμάκων
1422 1954 1489 1982 καθ’
1505 1953 1572 1982 αύτο
1590 1955 1651 1990 (sic)
1669 1954 1809 1988 ἁρμόττειν
1820 1955 1940 1982 δύναται·
1959 1958 2010 1984 τῶν
2022 1959 2070 1991 μὲν

294 1999 385 2031 ἁπλῶς
404 2001 552 2032 στυφόντων
571 2000 739 2033 κατεχόντων
757 2001 819 2032 τούς
838 2002 981 2033 ἑκρέοντας
1000 2002 1099 2033 ἰχῶρας
1116 2002 1164 2026 καὶ
1180 2000 1252 2026 κατὰ
1270 2000 1348 2026 τοῦτο
1366 2000 1414 2033 τήν
1431 2001 1464 2025 ἐκ
1482 1999 1530 2033 τῆς
1548 1998 1649 2032 δήξεως
1668 1997 1753 2025 αὐτῶν
1776 1995 1871 2032 ὀδύνην
1893 1999 2070 2027 ἐπιτεινόντων

294 2044 356 2077 (inc.
376 2044 423 2070 fol.
442 2044 493 2070 3⁹23
502 2044 522 2077 r)
541 2045 592 2070 τῶν
610 2045 640 2070 δὲ
659 2045 771 2077 δριμέων
788 2045 836 2070 καὶ
853 2045 967 2076 θερμῶν,
987 2041 1018 2070 οὐ
1036 2043 1116 2076 μόνον
1134 2040 1211 2069 οὐδὲν
1229 2041 1410 2076 ὠφελούντων,
1428 2040 1500 2068 ἀλλὰ
1517 2044 1565 2068 καί
1583 2038 1792 2073 συναυξανόντων
1810 2041 1858 2075 τήν
1875 2041 2004 2076 ποιότητα
2018 2045 2070 2070 τῶν

293 2088 435 2113 δακνωδῶν
452 2089 552 2120 χυμῶν·
572 2086 591 2120 ἡ
610 2088 640 2112 δὲ
656 2088 708 2113 τῶν
725 2088 894 2120 χαλαστικῶν
912 2088 942 2112 τὲ
958 2089 1006 2113 καί
1024 2087 1219 2119 διαφορητικῶν
1237 2083 1387 2119 φαρμάκων
1405 2082 1513 2118 δύναμις
1531 2084 1657 2111 ἐκκενοῦν
1675 2087 1722 2118 μὲν
1733 2084 1843 2111 δύναται
1854 2085 1884 2111 τὸ
1896 2085 2068 2119 γεννώμενον·

294 2130 355 2156 οὔτε
374 2131 403 2156 δὲ
420 2130 450 2156 τὸ
469 2128 624 2164 ἡλκωμένον
643 2130 703 2164 (sic)
723 2132 826 2163 τρέφειν
844 2129 860 2163 ῆ
881 2131 1022 2156 ὲπουλοῦν·
1043 2129 1104 2155 οὔτε
1121 2129 1151 2155 τὸ
1170 2129 1363 2162 προπεπτωκὸς
1381 2130 1550 2162 προστέλλειν
1567 2130 1614 2154 καί
1631 2129 1812 2154 κατακλείειν·
1832 2127 1894 2155 οὔτε
1905 2128 1935 2155 τὸ
1947 2130 2076 2164 ῦπιρρόσν,

294 2171 507 2206 ἀποκρούεσθαι·
532 2173 594 2199 οὔτε
616 2174 663 2206 τήν
687 2173 833 2206 δριμύτητα
854 2170 1027 2206 ὑπαμβλύνοιν
1045 2172 1143 2206 ὁμοίως
1161 2172 1244 2206 ταύτη
1263 2170 1332 2198 καθ’
1347 2171 1430 2206 αὑτὴν
1448 2173 1504 2205 ἔχει
1521 2173 1569 2198 καί
1585 2170 1603 2205 ἠ
1622 2173 1674 2198 τῶν
1691 2171 1900 2204 συμπεττόντων·
1924 2173 1947 2198 εἰ
1969 2174 2016 2199 καί
2038 2173 2068 2199 τὸ

294 2218 395 2242 πέττειν
421 2217 469 2248 τὰς
497 2217 629 2248 διαθέσεις
657 2214 687 2242 ού
716 2216 826 2249 σμικρὸν
852 2213 958 2249 ἀγαθόν
981 2217 1049 2249 ἔχει·
1077 2218 1101 2242 τί
1123 2218 1164 2242 δεῖ
1179 2217 1267 2249 λέγειν
1284 2217 1344 2248 περί
1360 2217 1413 2241 τῶν
1429 2213 1520 2247 ὀξείας
1537 2211 1556 2248 ἦ
1574 2215 1672 2248 πικρὰς
1689 2214 1706 2248 ἣ
1726 2215 1857 2248 νιτρώδεις
1873 2214 1891 2249 ἦ
1910 2214 2033 2248 ἁλμυράς
2049 2216 2067 2250 ἦ

295 2257 429 2293 αύστηρὰς
447 2259 561 2293 ἑχόντων
580 2260 702 2293 δυνάμεις
721 2260 881 2293 φαρμάκων·
909 2258 1055 2285 ὑπόλοιπον
1074 2259 1120 2285 οὖν
1143 2261 1197 2285 ἐστὶ
1218 2261 1295 2292 γένος
1317 2258 1467 2292 φαρμάκων
1493 2258 1651 2291 θεραπεύειν
1678 2258 1821 2291 δυνάμενον
1847 2259 1915 2292 δλκη
1942 2258 1976 2285 τὰ
2003 2259 2069 2292 μετὰ

295 2303 426 2336 ῥεύματος
445 2305 557 2336 δριμέως
576 2303 650 2337 (sic)·
669 2303 720 2329 ὅσα.
738 2303 826 2336 γεώδη
845 2306 903 2334 ταῖς
922 2299 1021 2334 οὐσίαις
1039 2302 1104 2328 ὄντα
1123 2305 1190 2335 μέσα
1207 2302 1279 2329 κατά
1298 2311 1328 2328 τε
1345 2302 1500 2336 θερμότητα
1517 2303 1564 2328 καί
1587 2302 1661 2334 ψύξιν
1680 2304 1753 2327 εἰσίν·
1775 2301 1793 2335 ἧ
1818 2303 1919 2334 μᾶλλον
1942 2301 2000 2328 τινὰ
2023 2304 2070 2335 μὲν

295 2348 420 2379 βραχείας
438 2346 541 2379 ψύξεως
558 2346 575 2380 ἧ
595 2347 743 2379 θερμασίας
762 2348 878 2379 μετέχει·
898 2346 953 2371 τινα
973 2347 1004 2372 δὲ
1021 2343 1084 2371 ούδὲ
1101 2345 1172 2377 ὅλως
1190 2347 1310 2378 ἐμφαίνει
1327 2346 1446 2379 δύναμιν·
1470 2345 1534 2371 ὅλον
1556 2343 1582 2370 δ’
1603 2344 1648 2371 οὖν
1675 2345 1705 2371 τὸ
1731 2346 1808 2378 γένος
1835 2342 1922 2371 αὐτῶν
1947 2346 2070 2371 καλεῖται

295 2389 475 2422 ὲμφρακτικὸν
494 2390 673 2422 ἐμπλαστικὸν
690 2391 738 2415 καί
755 2389 852 2415 α’πυον·
872 2389 912 2415 διὸ
931 2391 979 2415 καί
996 2389 1084 2422 χρόνω
1103 2390 1192 2415 πλέονι
1210 2389 1258 2422 τήν
1275 2386 1323 2421 ἀφ’
1340 2390 1441 2414 ἑαυτῶν
1459 2386 1590 2420 ὠφέλειαν
1612 2388 1741 2422 αἰσθητήν
1765 2388 1906 2421 ἐργάζεται
1926 2385 1998 2414 κατὰ
2021 2388 2070 2420 τὰς

294 2429 401 2465 πρώτας
419 2431 522 2465 ἡμέρας
541 2431 617 2459 οὐδὲν
636 2430 747 2466 ὠφελεῖν
765 2434 910 2458 δοκοῦντα·
929 2432 1133 2465 προσφερόμενα
1152 2434 1182 2458 δὲ
1199 2432 1272 2465 ὅμως
1291 2431 1326 2464 ὡς
1351 2429 1524 2465 ἀδηκτὸτατα
1546 2431 1618 2457 κατὰ
1640 2432 1688 2462 τοὶς
1712 2427 1902 2463 δυσιατοτάτας
1925 2432 2069 2463 δια-θύσεις·

295 2477 322 2501 ἐν
341 2477 383 2506 αἶς
401 2477 480 2506 ἐλκος
499 2477 566 2501 ἐστιν
583 2475 643 2509 ἤτοι
662 2476 740 2509 μόνον
758 2477 810 2501 εἴτε
829 2484 895 2508 μετα
914 2475 975 2509 (sic)
994 2472 1160 2508 διαβρώσεως
1178 2477 1225 2501 τοῦ
1243 2484 1273 2502 τε
1290 2477 1478 2508 κερατοειδοῦς
1501 2476 1533 2500 ἐκ
1556 2475 1668 2507 ῥεόντων
1684 2474 1789 2508 ἰχώρων
1807 2476 1918 2508 δριμέων
1935 2473 2006 2508 ἄγαν
2022 2476 2070 2501 καί

295 2519 530 2545 δακνωδεστοίτων·
546 2516 669 2552 μεγάλως
689 2516 834 2552 ἀρρήγουσι
847 2518 906 2553 (sic)
919 2518 988 2552 πλὴν
1006 2516 1138 2551 εὐκαίρως
1155 2518 1366 2552 προσφερόμενα.
1402 2516 1522 2551 ἀκαίρως
1536 2518 1589 2551 γάρ
1603 2515 1679 2543 οὐδὲν
1692 2515 1814 2551 ὀνίνησιν·
1829 2515 1902 2544 ἀλλὰ
1914 2519 1964 2544 καί
1973 2514 2070 2551 ὀδύνην
