2138 2748
200 874 234 896 10

1143 245 1182 279 14

272 349 293 392 ἤ
316 348 351 382 τὸ
374 348 477 392 βραχὺ
500 349 542 387 εἰς
565 347 694 392 μακρόν·
718 349 813 392 διχῶς
835 349 879 382 δέ·
902 349 924 392 ῆ
946 349 1008 392 γὰρ
1029 354 1210 393 περαιοῦται
1233 352 1288 394 μὲν
1310 351 1352 389 εἰς
1379 350 1473 394 μέρος
1499 351 1605 394 λόγου,
1627 350 1684 394 τὴν
1714 352 1749 385 δὲ
1771 351 1843 395 ἑξῆς
1871 351 2050 396 ἀδιαφόρως

273 401 340 443 ἔχει
363 400 550 443 ἀρχομένην,
574 400 638 433 οἶον

474 450 619 493 Νέστορα
641 450 670 483 δ’
695 449 755 483 οὐκ
777 451 893 484 ἔλαθεν
916 451 993 494 ἰαχή
1015 452 1063 495 <Ξ
1089 453 1138 495 1>,

271 502 293 545 ἦ
317 501 493 544 ἐπιφέρεται
515 501 570 533 δύο
593 501 752 545 σύμφωνα,
775 502 810 534 τὸ
834 504 888 545 μὲν
910 501 1083 546 ἡγούμενον
1106 503 1237 546 ἄφωνον,
1259 505 1295 536 τὸ
1318 505 1353 536 δὲ
1376 503 1526 548 ἑπόμενον
1548 503 1753 548 ἀμετάβολον,
1775 506 1840 539 οἶον

474 550 635 595 Πάτροκλ’
660 553 729 596 ἐμοὶ
750 553 838 596 δειλῇ
860 553 909 595 <Τ
932 554 1027 595 287).

424 605 464 647 <§
490 604 579 645 15.>,
604 603 726 647 Σημεῖα
754 605 790 636 δὲ
816 607 872 647 τῆς
899 606 954 648 μὲν
981 605 1105 648 μακρᾶς
1132 605 1291 649 συλλαβῆς
1313 606 1385 639 τόδε
1407 623 1439 649 -,
1466 607 1522 649 τῆς
1550 608 1585 639 δὲ
1615 607 1765 650 βραχείας
1791 607 1865 641 τόδε
1881 627 1914 651 υ,
1936 609 1992 651 τῆς
2013 609 2049 640 δὲ

271 659 386 699 κοινῆς,
409 655 436 688 εἰ
458 656 513 698 μὲν
536 654 602 688 ἀντὶ
624 659 746 698 μακρᾶς
767 655 968 699 λαμβάνεται,
991 656 1063 689 τόδε
1075 662 1122 699 ’1,
1145 657 1172 689 εἰ
1194 658 1229 689 δὲ
1249 657 1318 691 ἀντὶ
1340 658 1500 702 βραχείας,
1522 657 1595 691 τόδε
1621 673 1669 696 μ.

1901 723 1923 743 n

423 767 463 808 <g
488 766 559 807 16.>
602 766 756 808 Προῆλθε
778 766 814 798 δὲ
835 766 869 798 τὸ
893 766 1004 809 μέτρον
1027 767 1064 799 ἐκ
1091 768 1170 800 θεοῦ
1193 768 1294 811 μέτρῳ
1317 767 1357 801 τά
1373 779 1407 800 τε
1429 766 1558 811 οὐράνια
1580 770 1635 801 καὶ
1657 769 1778 812 ἐπίγεια
1799 769 2046 813 κεκοσμηκότος

272 815 403 860 ἁρμονία
425 817 487 860 γάρ
509 818 552 855 τίς
575 818 638 849 ἐστι
660 819 715 849 καὶ
736 822 799 856 τοῖς
822 818 1013 860 ἐπουρανίοις
1035 820 1090 851 καὶ
1112 820 1264 862 ἐπιγείοις.
1292 819 1314 862 ἧ
1342 822 1407 859 πῶς
1433 820 1471 853 ἂν
1493 820 1596 859 ἄλλως
1622 820 1752 863 συνέστη
1775 820 1848 853 τόδε
1869 820 1904 854 τὸ
1925 821 1997 863 πᾶν,
2020 821 2049 853 εἰ

273 870 316 912 μὴ
340 869 451 911 ῥυθμῷ
473 879 527 901 τινι
549 869 604 900 καὶ
624 868 708 907 τάξει
731 868 974 912 διεκεκόσμητο;
997 871 1051 901 καὶ
1072 869 1112 902 τὰ
1133 867 1186 912 ὑφ’
1210 869 1299 914 ἡμῶν
1321 872 1357 903 δὲ
1378 871 1679 915 κατασκευαζόμενα
1693 872 1812 915 ὄργανα
1829 872 1930 915 μέτρῳ
1945 871 2047 905 πάντα

272 921 413 963 γίνονται·
438 920 465 951 εἰ
487 920 522 952 δὲ
543 919 654 962 πάντα,
676 919 784 963 πολλῷ
810 931 848 963 γε
876 921 995 963 μᾶλλον
1022 918 1038 953 ὁ
1066 921 1168 964 λόγος,
1197 921 1253 954 ἅτε
1278 923 1334 954 καὶ
1360 922 1554 965 περιεκτικός
1580 919 1723 957 ἁπάντων
1745 923 1796 956 ὤν.
1824 924 1888 956 ἐστι
1910 924 1966 966 μὲν
1986 922 2048 965 γὰρ

272 973 327 1003 καὶ
348 975 391 1014 τῷ
413 971 498 1013 πεζῷ
522 970 654 1014 ἁρμονία
675 982 727 1013 τις,
750 973 806 1003 καὶ
828 972 925 1014 δῆλον
947 972 979 1011 ἐξ
1002 972 1044 1005 ὥν
1065 975 1119 1005 τοῦ
1143 974 1198 1016 μὲν
1221 972 1237 1005 ὁ
1253 972 1346 1016 λόγος
1361 974 1442 1007 ἐστὶν
1463 973 1701 1017 εὐρυθμότερος,
1723 976 1778 1006 τοῦ
1801 975 1836 1006 δὲ
1858 974 1904 1006 οὔ·
1929 973 2048 1017 μᾶλλον

274 1023 308 1054 δὲ
330 1021 476 1064 πρόσεστι
497 1026 541 1065 τῷ
563 1024 715 1065 ποιητικῷ
743 1022 862 1055 πάθεσι
889 1023 1043 1062 πλείστοις
1069 1024 1222 1067 χρωμένῳ
1245 1025 1299 1056 καὶ
1320 1024 1422 1064 λέξεσι
1449 1026 1504 1057 καὶ
1525 1025 1566 1067 δὴ
1589 1026 1644 1057 καὶ
1666 1024 1778 1068 μύθοις
1798 1026 1854 1058 καὶ
1875 1024 2046 1068 azioma,

106 1079 205 1112 (p.322
216 1078 257 1112 G.)
274 1069 314 1104 δι’
330 1073 333 1115 Ι
351 1072 393 1105 ὥν
415 1071 546 1116 ἁρμονία
568 1073 848 1113 κατασκευάζεται.
870 1074 961 1107 ταῦτ’
984 1072 1047 1117 ἄρα
1068 1076 1123 1107 καὶ
1149 1075 1179 1107 οἱ
1199 1075 1328 1108 παλαιοὶ
1350 1076 1519 1119 ἐμμέτρους
1541 1076 1660 1119 μᾶλλον
1680 1076 1752 1115 τοὺς
1774 1077 1905 1115 οἰκείους
1926 1075 2050 1109 ἐποίουν

201 1131 235 1152 15

199 1443 235 1466 20

273 1124 386 1167 λόγους
412 1121 435 1166 ἦ
469 1124 591 1163 πεζούς.
631 1126 686 1157 καὶ
714 1125 775 1168 μὴν
802 1129 845 1168 τῷ
875 1125 975 1168 μέτρῳ
1009 1125 1172 1168 πρόσεστιν
1200 1124 1350 1170 ἁρμονία,
1377 1127 1399 1170 ἡ
1429 1127 1459 1160 δ’
1488 1124 1620 1171 ἁρμονία
1649 1127 1783 1171 μουσική
1809 1127 1965 1170 τυγχάνει.
1994 1127 2051 1170 τῆς

275 1178 425 1218 μουσικῆς
448 1176 483 1207 δὲ
505 1175 578 1207 ὅσον
599 1176 634 1208 τὸ
656 1176 749 1215 κλέος
771 1177 851 1209 ἐστὶν
873 1176 974 1215 οόδεὶς
997 1176 1110 1219 ἀγνοεῖ·
1135 1177 1215 1210 ὥστε
1236 1179 1291 1210 καὶ
1312 1177 1347 1210 τὸ
1371 1178 1481 1222 μέτρον
1503 1179 1535 1212 ἓν
1558 1181 1617 1212 τῶν
1632 1176 1764 1222 ἀρίστων
1783 1176 1844 1212 ὑπὸ
1865 1178 1922 1222 τὴν
1945 1189 2050 1222 μουσι-

272 1227 334 1269 κὴν
356 1226 399 1266 ὄν,
422 1225 461 1269 ῆς
482 1226 517 1259 τὸ
535 1223 666 1268 “κλέος’,
690 1224 731 1266 ὥς
747 1227 888 1270 Ὅμηρος
911 1228 972 1270 ἔφη
994 1228 1044 1270 <Β
1066 1229 1161 1271 486),
1180 1228 1257 1263 ίοἶον
1279 1229 1436 1273 ἀκούομεν
1458 1229 1532 1263 οὐδέ
1554 1241 1581 1263 τι
1602 1230 1712 1273 ἴδμεν’.

425 1337 465 1379 <§
491 1338 562 1378 17.)
604 1337 828 1370 Καλοῦνται
855 1339 891 1370 δὲ
917 1338 962 1371 τὰ
991 1339 1108 1382 μέτρα
1135 1339 1175 1372 τὰ
1203 1341 1260 1383 μὲν
1287 1340 1351 1373 ἀπὸ
1379 1341 1440 1374 τῶν
1466 1341 1712 1385 συμβεβηκότων
1734 1339 1845 1384 αὖτοῑς,
1867 1342 1908 1374 τοὶ
1930 1342 1966 1374 δὲ
1987 1339 2050 1374 ἀπὸ

273 1388 328 1420 τοῦ
356 1387 452 1420 τόπου
483 1388 514 1421 ἐν
542 1383 567 1431 ᾧ
595 1387 718 1431 ᾔδοντο,
745 1388 785 1421 τὰ
813 1390 848 1422 δὲ
876 1390 914 1421 ἐκ
939 1390 1000 1422 τῶν
1027 1387 1176 1433 εὑρόντων
1203 1392 1326 1434 πρῶτον
1353 1389 1443 1435 αὐτά,
1471 1393 1510 1425 τὰ
1532 1394 1567 1425 δὲ
1590 1393 1628 1425 ἐκ
1653 1397 1713 1426 τῶν
1739 1392 1934 1436 ὑμνουμένων
1955 1393 2050 1436 θεῶν,

274 1438 379 1481 ὥσπερ
407 1439 447 1482 δή
475 1440 530 1471 καὶ
557 1439 586 1472 οἱ
610 1439 713 1479 πόδες.
758 1440 969 1483 Πυρρίχιος
997 1442 1051 1484 μὲν
1078 1441 1139 1484 γὰρ
1166 1442 1308 1475 καλεῖται
1335 1443 1357 1486 ἤ
1385 1444 1436 1476 διὰ
1461 1444 1496 1476 τὸ
1526 1444 1601 1487 μεθ’
1630 1444 1734 1478 ὅπλων
1760 1445 1904 1487 χρῆσθαι
1932 1444 2051 1488 μᾶλλον

426 1596 438 1621 1
472 1596 628 1628 περαιοῦται
658 1595 694 1622 Μ
721 1596 819 1622 litteris
850 1605 878 1622 αι
908 1605 925 1623 a
955 1596 1007 1623 M*
1036 1597 1064 1623 in
1094 1605 1147 1624 ras.
1178 1597 1286 1631 scriptis
1343 1598 1352 1633 ΙΙ
1415 1598 1432 1624 3
1463 1598 1542 1632 (post
1571 1598 1651 1632 ἰαχή)
1681 1597 1713 1624 Κ
1740 1598 1828 1625 addit:
1867 1599 1973 1626 πίνοντά
2002 1608 2052 1634 περ

272 1640 357 1672 ἔμπης
409 1638 418 1673 ΙΙ
471 1639 488 1665 5
506 1638 647 1672 Πάτροκλέ
666 1647 709 1672 μοι
727 1639 862 1666 Homerus
915 1640 924 1674 fl
977 1641 993 1666 6
1012 1644 1108 1674 σημεῖα
1126 1640 1177 1675 δὲ]
1197 1644 1292 1674 σημεῖα
1311 1642 1358 1674 μὲν
1375 1640 1432 1667 ΚΡ
1483 1641 1492 1675 u
1540 1641 1589 1675 τῆς
1608 1641 1675 1676 μὶν]
1694 1643 1742 1675 τῆς
1758 1640 1786 1667 P
1832 1642 1842 1676 ΙΙ
1890 1651 1907 1669 a
1925 1644 2052 1676 βραχείας

271 1682 323 1708 inc.
344 1682 391 1708 sol.
411 1682 479 1708 182r
497 1681 534 1708 M
565 1682 575 1716 11
611 1682 626 1708 7
643 1689 672 1709 -ι
688 1703 695 1713 ,
719 1684 742 1708 εἰ
760 1684 790 1708 δὲ
808 1681 865 1708 ἀντί
883 1685 1017 1718 βραχείας,
1035 1683 1097 1709 τόδε
1120 1692 1147 1710 ι-
1166 1683 1285 1718 scripsi]
1310 1685 1351 1717 μ’,
1374 1686 1397 1710 εἰ
1415 1685 1446 1710 et
1463 1681 1520 1710 ἀντί
1539 1686 1672 1718 βραχείας,
1690 1685 1752 1711 τόδε
1769 1691 1798 1711 -Ἱ
1821 1684 1952 1713 ΚΡΜΗ.
1987 1686 2051 1714 Veri

273 1725 346 1751 enim
365 1725 534 1751 simillimum
554 1728 596 1751 est
615 1726 734 1752 eundem
752 1726 851 1753 horum
869 1726 1011 1759 signorum
1030 1735 1110 1753 usum
1129 1726 1214 1753 fuisse
1232 1727 1260 1753 in
1275 1726 1417 1753 'Tractatu
1435 1725 1595 1754 Harleiano’
1617 1730 1700 1762 atque
1723 1728 1752 1754 in
1775 1728 1906 1755 Demetrii
1929 1729 2052 1756 Triclinii

272 1768 499 1794 commentariolo
528 1771 605 1801 ,,περί
630 1771 744 1802 σημείων
770 1771 819 1802 τῆς
845 1769 936 1803 κοινῆς
963 1771 1098 1803 συλλαβῆς
1123 1770 1174 1796 τῶν
1201 1770 1275 1802 ἐντὸς
1301 1772 1428 1803 κειμένων
1454 1771 1503 1804 τῆς
1527 1771 1640 1803 βίβλου““,
1668 1771 1715 1797 uhi
1734 1771 1803 1798 haec
1821 1771 1949 1805 leguntur
1967 1773 2051 1807 (cour.

271 1811 382 1837 Pindar.
411 1812 452 1838 ed.
472 1811 584 1837 Boeckh
607 1811 631 1837 II
658 1820 720 1845 pag.
740 1812 774 1838 14-
800 1823 833 1835 =
861 1812 974 1839 Scholia
997 1821 1096 1846 graeca
1118 1813 1146 1839 in
1168 1813 1382 1847 Aristophanem
1409 1814 1451 1840 ed.
1479 1814 1608 1840 Duebner
1633 1822 1695 1848 pag.
1723 1814 1796 1841 XXX
1822 1814 1888 1848 sq.):
1916 1815 2051 1850 δπενοήθη

272 1856 362 1888 ἔμοιγε
380 1855 428 1888 τῆς
445 1854 538 1888 κοινῆς
556 1858 663 1888 σημεῖον
682 1855 725 1881 διὰ
743 1855 791 1889 τὴν
813 1857 864 1881 τῶν
886 1857 992 1881 πολλῶν
1015 1853 1125 1890 πλάνην,
1152 1858 1200 1882 καί
1226 1859 1298 1890 οἶμαι
1324 1856 1410 1883 καλὸν
1436 1856 1469 1883 ἂν
1495 1853 1570 1888 δόξαι
1596 1861 1651 1889 τοῖς
1677 1855 1707 1884 εὖ
1734 1857 1880 1891 φρονοῦσιν.
1915 1855 2050 1893 &tuomst-n

271 1899 302 1923 δὲ
325 1898 432 1924 διπλοῦν
458 1898 488 1923 τὸ
516 1902 623 1931 σημεῖον
650 1898 694 1924 διαὶ
719 1899 749 1924 τὸ
777 1898 871 1933 διπλῆν
897 1908 956 1925 τινα
981 1901 1030 1925 καί
1055 1899 1154 1933 ταύτην
1181 1901 1251 1933 ἐχειν
1277 1900 1324 1934 τὴν
1351 1897 1466 1933 δύναμιν.
1502 1899 1549 1926 ὅτε
1576 1902 1623 1933 μὲν
1650 1900 1695 1926 οὖν
1719 1897 1776 1926 ἀντί
1799 1902 1925 1934 βραχείας
1950 1899 2051 1935 ὀφείλει

270 1937 466 1974 λαμβάνεσθαι,
494 1944 601 1974 σημεῖον
628 1941 762 1975 ἐπενοήθη
790 1943 847 1967 τοδί
880 1950 920 1973 μ,
954 1942 1045 1975 μακροὶ
1073 1939 1196 1976 δηλονότι
1221 1943 1362 1976 καταρχὰς
1393 1942 1448 1969 ἅνω
1480 1944 1576 1976 βλέπον
1606 1940 1636 1969 τὸ
1669 1945 1716 1969 τοῦ
1737 1943 1760 1969 T
1782 1946 1911 1978 στοιχείου
1942 1948 2051 1978 σημεῖον

271 1986 384 2017 ἔχουσα·
403 1984 449 2009 ὅτε
467 1982 492 2009 δ’
509 1982 565 2010 ἀντί
584 1986 699 2018 μακρᾶς,
717 1986 795 2010 τοῦτο
814 1983 1041 2018 ἀπεστραμμένον
1059 1984 1154 2011 οὑτωσί
1175 1993 1203 2012 Ἳ
1220 2005 1226 2019 ,
1251 1986 1342 2020 μακροὶ
1361 1985 1483 2020 δηλονότι
1501 1987 1528 2012 ἐν
1550 1987 1587 2020 τῷ
1612 1987 1684 2012 τέλει
1708 1986 1784 2013 κάτω
1810 1987 1885 2013 νιῦον
1908 1987 1937 2013 τὸ
1962 1989 2010 2014 τοῦ
2027 1987 2050 2014 T

272 2030 379 2060 σημεῖον
398 2028 505 2060 ἔχουσα.
541 2028 642 2060 βέλτιον
659 2028 711 2061 γοὶρ
730 2029 815 2054 ταῦτα
832 2029 934 2054 τιθέναι
959 2030 1006 2054 καί
1033 2029 1212 2062 διαγινώσκειν
1238 2031 1303 2055 ποία
1325 2031 1393 2055 ἐστίν
1414 2028 1431 2063 ἠ
1454 2030 1529 2063 κοινὴ
1556 2029 1574 2063 ἧ
1602 2031 1789 2063 πλανωμένους
1813 2030 1885 2062 τινάς
1910 2031 1941 2057 τὸ
1968 2035 2050 2058 ποιεῖν

271 2070 382 2103 γράφειν
399 2073 472 2096 ποεῖν
490 2069 612 2103 ἀμαθῶς,
635 2072 682 2096 καί
706 2070 781 2103 φύσει
800 2071 884 2104 βραχὺ
904 2072 1015 2105 φωνῆεν,
1035 2070 1097 2105 έχον
1115 2073 1146 2098 δὲ
1164 2072 1318 2106 ἐπαγόμενα
1336 2072 1384 2099 δύο
1403 2072 1538 2107 σύμφωνα,
1564 2072 1599 2099 ὦν
1616 2073 1646 2098 τό
1666 2073 1789 2106 δεύτερον
1806 2071 1981 2108 ἀμετάβολον,
2008 2072 2051 2101 ἀεὶ

271 2110 328 2138 ἀντὶ
346 2114 451 2146 μακροῦ
469 2113 619 2146 λαμβάνειν,
637 2113 654 2147 ῆ
669 2115 718 2139 καί
735 2113 764 2139 τὸ
784 2113 860 2147 φύσει
879 2114 962 2147 βραχὺ
982 2116 1094 2148 φωνῆεν,
1112 2114 1177 2141 ὅταν
1196 2117 1233 2148 εἰς
1252 2117 1332 2149 μέρος
1350 2116 1432 2149 λόγου
1450 2116 1604 2150 καταλῆγῃ,
1621 2116 1669 2150 τὴν
1687 2117 1793 2150 μακρὰν
1811 2118 1975 2150 ἐπιτιθέντας
1993 2115 2051 2144 ἀντὶ
2078 2147 2081 2153 ,
2135 2108 2138 2112 ¹

273 2156 377 2189 μακροῦ
407 2156 556 2189 λαμβάνειν·
593 2156 692 2182 ἄτοπον
721 2156 774 2190 γὰρ
805 2159 877 2190 οἶμαι
906 2157 984 2183 τοῦτο’
1015 2166 1047 2190 γε
1077 2160 1127 2184 etc.
1175 2158 1184 2192 ss
1231 2158 1248 2184 8
1275 2159 1347 2185 conf.
1374 2158 1621 2193 Pseudo-Dionysii
1644 2162 1791 2186 tractatum
1817 2161 1852 2186 de
1878 2160 1996 2195 pedibus
2022 2161 2051 2188 in

271 2199 374 2225 Anecd.
398 2199 459 2231 Var.
484 2200 495 2226 I
519 2208 581 2234 pag.
607 2200 664 2231 161,
684 2201 700 2226 3
723 2209 764 2234 sq.
793 2202 821 2226 et
847 2200 1130 2235 Pseudo-Hephaest.
1158 2202 1174 2235 5
1205 2202 1234 2228 1³
1255 2210 1318 2236 pag.
1341 2202 1375 2228 22
1401 2203 1441 2236 (et
1466 2211 1528 2236 pag.
1555 2202 1600 2236 20)
1628 2203 1671 2229 ed.
1699 2211 1747 2229 zur
1771 2203 2004 2231 Jacobsmuehlen
2023 2206 2051 2231 et

273 2242 400 2268 scholion
419 2243 618 2270 Trielinianum
630 2243 659 2270 in
671 2244 810 2278 Aristoph.
824 2243 893 2270 Nub.
906 2244 958 2270 639
971 2245 1057 2278 (quod
1071 2245 1164 2271 addidi
1178 2243 1409 2279 in‘Appendice')
1445 2244 1454 2279 ΙΙ
1489 2246 1506 2271 8
1523 2243 1634 2278 οὐράνια
1652 2254 1688 2272 an
1706 2243 1824 2279 οὐρανία,
1842 2246 2022 2274 ineertumH
2040 2247 2050 2282 1

271 2285 473 2319 κεκοσμηκότες
499 2285 536 2321 K,
554 2284 759 2320 κεκοσμηκότος
781 2287 878 2313 litteris
897 2296 1001 2321 κεκοσμ
1023 2287 1051 2314 in
1074 2296 1127 2314 ras.
1147 2288 1255 2323 scriptis
1275 2287 1312 2315 Μ
1342 2288 1352 2323 ΙΙ
1387 2289 1403 2315 9
1420 2297 1459 2320 τις
1477 2290 1531 2315 ἐστὶ
1548 2287 1651 2322 ΚΜΗ,
1669 2298 1708 2320 τις
1726 2290 1794 2315 ἐστίν
1810 2289 1838 2316 Ρ
1872 2290 1882 2324 {1
1915 2290 2000 2326 τόδε]
2018 2291 2049 2317 τό

272 2329 302 2353 δὲ
321 2327 357 2353 Μ
397 2327 406 2362 ΙΙ
451 2329 480 2354 11
502 2337 518 2354 a
541 2330 633 2355 πολλῶ
656 2338 688 2363 γε
709 2329 761 2356 inc.
781 2330 828 2356 fol.
852 2330 919 2356 206ν
939 2330 974 2356 H
1013 2331 1022 2365 ΙΙ
1067 2331 1099 2357 12
1117 2333 1155 2363 τίς
1173 2330 1210 2364 Κ,
1229 2333 1267 2364 τίς
1284 2329 1381 2358 ΡΜΗ
1420 2331 1429 2366 ΙΙ
1474 2331 1520 2365 μέν
1538 2331 1574 2358 H
1603 2331 1612 2366 ΙΙ
1648 2330 1678 2357 οὐ
1697 2331 1735 2365 K,
1754 2332 1785 2358 οὖ
1803 2331 1860 2365 Μ’,
1877 2332 1908 2359 οὔ
1924 2334 1941 2360 ⁴?
1959 2332 2006 2360 ΜἸ
2039 2332 2050 2369 ΙΙ

274 2371 305 2396 13
323 2371 450 2405 ποιη(ἰῐιο.
471 2372 518 2398 fol.
536 2373 568 2398 ὃν
588 2372 697 2406 Κ)τικῷ
715 2372 748 2399 Κ
785 2373 794 2407 ΙΙ
835 2374 867 2399 16
890 2373 920 2399 τὸ
939 2373 1041 2408 κλέος]
1060 2375 1142 2406 κλέος
1158 2373 1186 2401 P
1224 2374 1234 2409 ΙΙ
1274 2374 1306 2400 17
1330 2376 1385 2400 οῖον
1402 2375 1415 2400 ?
1433 2373 1468 2401 H
1502 2375 1512 2409 η
1552 2372 1609 2400 οὐδ’
1625 2376 1663 2401 ἔτι
1681 2377 1753 2408 ἴδμεν
1771 2375 1806 2401 H
1835 2375 1845 2410 ll
1882 2376 1915 2402 18
1932 2384 1994 2411 sqq.
2013 2377 2048 2403 ad

272 2413 288 2446 ἕ
310 2414 341 2439 17
361 2415 432 2440 conf.
452 2415 481 2441 L.
500 2414 580 2441 Voltz
598 2416 616 2442 l.
637 2424 659 2442 c.
678 2424 740 2449 pag.
759 2416 793 2442 22
812 2424 873 2450 sqq.
893 2417 976 2450 (conf.
997 2416 1079 2443 etiam
1098 2417 1248 2444 Gustavum
1267 2417 1350 2450 Uhlig
1368 2417 1481 2451 Dionys.
1494 2417 1592 2444 Thrae.
1606 2426 1667 2451 pag.
1681 2418 1749 2450 xlv,
1761 2418 1864 2445 Anecd.
1876 2418 1939 2445 Var.
1956 2419 1969 2445 1
1986 2427 2049 2453 pag.

271 2457 320 2482 291
341 2457 393 2490 sq.)
429 2457 438 2490 ΙΙ
475 2458 507 2483 18
526 2457 560 2484 Η
574 2458 603 2484 in
621 2466 706 2492 marg.
726 2459 808 2485 rubro
828 2459 916 2485 addit:
935 2459 1019 2485 πόθεν
1037 2460 1143 2494 ἐκλήθη
1161 2461 1195 2486 τὰ
1214 2462 1298 2494 μέτρα
1332 2460 1341 2495 ΙΙ
1378 2460 1411 2486 18
1429 2459 1475 2494 μὲν
1494 2460 1528 2486 H
1559 2460 1568 2495 ΙΙ
1605 2461 1637 2487 19
1656 2461 1691 2486 ab
1710 2462 1738 2487 ἐν
1753 2461 1806 2487 inc.
1826 2461 1873 2488 sol.
1893 2461 1958 2488 182v
1971 2460 2009 2488 M
2039 2461 2050 2497 Ι

270 2499 367 2534 ἥδοντο
385 2499 412 2526 P
430 2503 457 2526 et
474 2503 504 2527 ut
523 2501 630 2528 videtur
648 2501 683 2527 H
721 2502 730 2536 ΙΙ
774 2503 809 2528 20
830 2502 929 2536 adfine.
949 2502 997 2528 fol.
1015 2502 1124 2537 &masc
1146 2503 1174 2530 P
1215 2503 1225 2538 ΙΙ
1270 2503 1304 2529 H
1326 2504 1355 2530 in
1382 2511 1466 2537 marg.
1494 2504 1576 2530 rubro
1604 2504 1693 2531 addit:
1711 2504 1795 2531 πόθεν
1811 2506 1948 2541 πυρρίχιος
