2138 2748
1169 257 1207 288 16

592 375 752 418 ORDO
786 375 1231 419 THEOLOGORUM
1261 376 1779 420 EVANGELICORUM.

451 539 834 573 CHRISTOPHORUS
858 540 1146 574 HERMANNUS
1170 542 1387 583 SCHMIDT,
1411 542 1468 574 Dr.
1486 542 1522 574 P.
1538 542 1573 574 P.
1591 542 1631 574 Ο.
1647 543 1680 576 h.
1696 547 1719 574 t.
1738 543 1818 575 Dec.
1860 541 2025 574 Publice
2041 542 2065 574 1.

300 592 553 623 Exercitationes
576 593 769 624 homileticas
793 594 827 624 in
849 594 1020 625 seminario
1043 595 1131 634 reyio
1149 595 1293 635 practico
1316 595 1526 626 instituendas
1548 594 1777 626 moderabitur
1800 594 1832 627 d.
1855 594 1938 627 Lun.
1964 593 1998 627 h.
2019 593 2067 626 111

300 646 333 673 et
354 642 412 674 IV.
457 642 654 675 Privatim
677 644 717 675 II.
765 645 950 685 Theotoyiae
972 646 1165 686 dogmaticae
1183 650 1308 687 partem
1326 647 1469 687 priorem
1492 647 1557 678 sive
1579 647 1790 678 universatem
1813 645 1950 678 docebit
1972 645 2066 689 quin-

300 694 395 736 quies
425 694 456 726 h.
481 694 571 728 VIII.
615 695 672 728 III.
720 697 906 738 Theotoyiae
930 698 1090 738 practicae
1110 701 1234 739 partem
1257 698 1400 737 alteram,
1429 708 1509 739 qaae
1538 702 1583 730 est
1616 698 1654 729 de
1677 701 1744 730 arte
1773 698 2000 738 catechizandi,
2029 698 2067 730 de

299 757 377 778 cura
399 747 588 786 animarum,
613 748 650 779 de
672 748 825 786 regimine
847 749 1071 789 ecclesiastico,
1095 748 1206 780 tradet
1229 749 1409 791 quinquies
1433 748 1466 782 h.
1488 748 1548 782 IX.

448 797 598 830 IULIUS
632 798 959 831 FERDINANDUS
983 799 1232 839 RAEBIGER,
1262 800 1319 832 Dr.
1344 800 1378 831 P.
1403 800 1438 832 P.
1463 799 1504 831 O.
1559 799 1730 832 Publice
1752 800 1777 832 Ι.
1814 801 2067 832 Exercitationes

298 850 332 880 in
362 849 424 881 Vet.
452 849 531 881 Test.
548 851 784 892 interpretando
807 852 842 883 in
864 852 1036 883 seminario
1059 853 1145 892 reyio
1162 851 1390 883 moderabitur
1413 851 1445 884 d.
1469 851 1538 883 Sat.
1558 851 1591 883 h.
1614 851 1663 883 IX
1687 855 1721 883 et
1735 851 1783 884 X.
1822 851 2015 883 Privatim
2025 852 2067 884 Π.

299 901 586 942 Encyctopaediam
619 902 823 943 theoloyicam
852 902 989 934 docebit
1019 903 1050 936 d.
1085 903 1167 936 Lun.
1196 903 1295 935 Mart.
1318 903 1389 935 Iov.
1412 902 1498 935 Ven.
1526 901 1559 934 h.
1583 902 1640 936 IX.
1694 903 1751 937 ΙΙΙ.
1795 904 1941 936 Psatmos
1969 902 2067 934 inter-

299 952 486 992 pretabitur
509 951 541 984 d.
565 952 647 985 Lun.
671 953 770 986 Mart.
793 955 864 986 Iov.
881 953 966 986 Ven.
990 954 1022 987 11.
1046 954 1089 988 X.

450 1003 699 1036 EDUARDUS
727 1005 895 1042 MEUSS,
931 1005 987 1036 Dr.
1010 1006 1046 1038 P.
1076 1006 1110 1037 P.
1143 1005 1182 1038 O.
1244 1005 1418 1037 Publice
1450 1006 1477 1038 Ι.
1520 1006 1774 1039 Exercitationes
1811 1006 1854 1038 ad
1885 1005 2071 1047 maulay-‘mn

298 1056 530 1095 systematicam
552 1059 728 1097 spectantes
762 1057 797 1088 in
819 1058 991 1089 seminario
1014 1059 1101 1098 reyio
1125 1058 1294 1099 theoloyico
1327 1056 1557 1089 moderabitur
1591 1056 1623 1088 d.
1645 1057 1729 1089 Lun.
1758 1056 1791 1089 h.
1815 1055 1847 1087 V
1871 1060 1904 1088 et
1927 1055 1984 1089 VI.
2027 1055 2070 1090 ΙΙ.

300 1107 590 1139 Eoeercitationibus
629 1108 824 1140 catecheticis
858 1110 892 1140 in
914 1110 1086 1141 seminario
1105 1110 1249 1150 practico
1272 1109 1475 1141 instituendis
1508 1108 1655 1151 praeerit
1688 1107 1813 1141 d.10v.
1843 1107 1948 1141 h.1V
1971 1112 2005 1141 et
2025 1106 2069 1140 V.

299 1157 498 1189 Privatim
514 1158 571 1190 III.
606 1159 739 1191 Ethicen
763 1160 966 1200 theologicam
990 1159 1127 1192 docebit
1143 1160 1296 1204 quotidie
1314 1164 1458 1203 excepto
1475 1158 2070 1222 d.Merc.h.X1.1V.'1½eoloyian

298 1210 500 1250 symbolicam
522 1209 633 1241 tradet
656 1210 808 1252 quotidie
834 1216 978 1254 excepto
1002 1211 1034 1244 d.
1058 1212 1162 1245 Merc.
1187 1212 1220 1245 h.
1243 1211 1319 1245 XII.

450 1260 711 1293 LUDOVICUS
737 1262 882 1299 HAHN
918 1262 975 1294 Dr.
1011 1263 1046 1295 P.
1080 1263 1116 1295 P.
1152 1263 1193 1296 O.
1238 1263 1413 1295 Publice
1440 1263 1464 1295 Ι.
1513 1264 1767 1295 Exercitationes
1799 1263 1834 1294 in
1866 1262 1958 1295 Novo
1988 1262 2069 1296 Tesl.

298 1313 534 1354 interpretando
580 1314 614 1345 in
653 1314 825 1346 seminario
863 1316 950 1355 reyio
989 1314 1219 1347 moderabitur
1258 1315 1290 1348 d.
1329 1315 1432 1348 Merc.
1471 1314 1504 1347 h.
1545 1314 1578 1345 V
1613 1319 1647 1346 ct
1686 1313 1745 1347 Vl.
1794 1313 1994 1346 Privatim
2027 1314 2069 1346 11.

300 1365 499 1405 Theoloyiam
523 1366 605 1397 Novi
630 1366 710 1398 Test.
735 1365 872 1397 docebit
895 1366 1005 1397 sexies
1029 1366 1061 1398 h.
1083 1366 1144 1399 IX.
1188 1368 1245 1400 HI.
1275 1367 1484 1408 Evanyelium
1505 1367 1657 1399 Matthaei
1677 1365 1953 1409 interpretabitur
1975 1365 2070 1409 quin-

299 1416 396 1458 quies
418 1416 451 1448 h.
475 1415 518 1448 X.

449 1467 736 1500 HERMANNUS
760 1468 1087 1507 WEINGARTEN,
1111 1469 1170 1503 Dr.
1186 1471 1222 1502 P.
1234 1469 1271 1503 P.
1285 1469 1325 1502 O.
1370 1469 1542 1501 Publice
1565 1469 1590 1501 I.
1634 1470 1887 1502 Exercitationes
1909 1469 1954 1502 ad
1974 1469 2071 1502 histo-

298 1520 380 1551 riam
409 1520 653 1551 ecclesiasticam
679 1521 872 1562 pertinentes
895 1521 1124 1553 moderabitur
1147 1521 1178 1553 d.
1201 1521 1300 1553 Mart.
1323 1521 1357 1554 h.
1381 1521 1413 1553 V
1437 1525 1470 1554 et
1499 1521 1555 1554 VI.
1599 1521 1798 1553 Privatim
1820 1520 1862 1554 11.
1910 1520 2070 1556 Historiae

298 1572 447 1603 ecclesiae
466 1575 590 1613 partem
613 1574 784 1604 secandam
807 1573 988 1611 (historiam
1011 1575 1160 1606 ecclesiae
1181 1574 1277 1606 medii
1299 1575 1378 1614 aevi,
1401 1574 1475 1606 inde
1497 1573 1536 1606 ab
1560 1577 1660 1606 aetate
1684 1573 1885 1605 Constantini
1905 1582 2005 1614 usque
2027 1571 2071 1604 ad

299 1623 570 1665 reformationem)
596 1624 708 1656 tradet
731 1625 911 1667 quinquies
934 1636 995 1668 per
1018 1625 1120 1658 hebd.
1142 1625 1176 1658 h.
1199 1625 1259 1658 XI.

451 1674 727 1708 RUDOLPHUS
758 1676 942 1719 KITTEL,
972 1677 1031 1710 Dr.
1058 1677 1094 1709 P.
1120 1677 1157 1710 P.
1185 1677 1225 1711 O.
1273 1676 1446 1708 Publice
1468 1677 1493 1709 I.
1538 1676 1700 1708 Mischnae
1727 1679 1893 1708 tractatum
1926 1674 2070 1714 ethicmn,

299 1728 353 1767 qni
374 1727 560 1759 inscribitur
582 1728 707 1770 „Pirqe
727 1728 856 1769 ahoth&
879 1729 1155 1771 interpretabitur
1183 1729 1215 1762 d.
1240 1728 1310 1761 Sat.
1334 1728 1366 1761 h.
1390 1728 1455 1760 VII
1478 1733 1510 1759 et
1535 1727 1623 1760 VIII.
1668 1726 1864 1759 Privatim
1884 1725 1927 1760 11.
1963 1725 2070 1759 Histo-

299 1779 381 1809 riam
399 1779 513 1820 populi
534 1780 637 1811 Israel
660 1780 827 1812 enarrabit
857 1780 888 1814 d.
911 1781 995 1814 Lun.
1019 1781 1117 1813 Mart.
1139 1780 1210 1812 Iov.
1237 1780 1320 1812 Ven.
1349 1779 1382 1812 h.
1405 1779 1481 1812 VH.
1525 1779 1582 1812 111.
1627 1779 1758 1811 Libram
1782 1778 1940 1811 Geneseos
1967 1777 2070 1809 inter-

299 1829 486 1871 pretabitur
516 1831 696 1873 quinquies
721 1831 755 1864 h.
779 1831 865 1865 VIII.

451 1881 595 1915 DAVID
613 1882 855 1923 ERDMANN,
880 1883 938 1915 Dr.
961 1883 997 1915 P.
1019 1883 1056 1915 P.
1081 1882 1121 1915 Ο.
1145 1882 1224 1914 hon.
1269 1881 1455 1915 Publice.
1499 1883 1548 1915 De
1570 1883 1614 1923 vi,
1636 1882 1782 1922 historia,
1800 1881 1967 1923 praesenti
1986 1882 2071 1913 statu

299 1934 462 1965 missionis
484 1935 628 1966 internae
651 1939 679 1966 et
701 1945 833 1976 operum
855 1936 999 1967 caritatis
1025 1935 1226 1967 Christianae
1249 1934 1394 1966 disseret
1417 1933 1448 1966 d.
1474 1933 1543 1967 Sat.
1567 1933 1600 1966 h.
1623 1932 1671 1964 XI
1688 1937 1730 1964 *et
1751 1932 1827 1965 XII.

448 1993 689 2027 ERNESTUS
713 1994 881 2032 KUEHL,
905 1995 974 2028 Lic.
997 1994 1112 2037 theol„
1130 1994 1187 2027 Dr.
1206 1994 1288 2037 phil.
1307 1994 1342 2027 P.
1362 1994 1398 2027 P.
1416 1994 1455 2027 E.
1500 1993 1673 2026 Publice
1699 1993 1724 2026 Ι.
1768 1992 1876 2025 Iacobi
1903 1993 2071 2034 epistulam

299 2043 574 2086 interpretabitur
598 2046 629 2079 d.
652 2047 756 2079 Merc.
779 2047 811 2079 h.
835 2047 910 2080 XII.
943 2046 1141 2079 Privatim
1157 2046 1197 2078 H.
1232 2048 1375 2079 Primam
1397 2047 1563 2089 epistulam
1584 2046 1681 2078 Pauli
1702 2046 1745 2078 ad
1761 2045 1942 2078 Corinthios
1963 2045 2071 2076 datam

299 2095 574 2138 interpretabitur
597 2097 628 2131 d.
652 2098 735 2132 Lun.
759 2098 857 2130 Mart.
880 2099 951 2131 Iov.
975 2098 1060 2131 Ven.
1085 2098 1117 2131 h.
1142 2098 1217 2131 XII.

452 2157 659 2190 CAROLUS
683 2158 975 2191 FRANKLINUS
998 2157 1197 2195 ARNOLD‚
1226 2158 1297 2191 Lic.
1319 2157 1435 2200 theol„
1458 2157 1518 2190 Dr.
1543 2156 1626 2199 phil.
1648 2158 1686 2190 P.
1708 2156 1744 2189 P.
1766 2156 1807 2190 E.
1850 2155 2023 2188 Publice
2044 2130 2097 2189 Ῑ.Ι

299 2208 407 2241 Status
440 2210 531 2250 reyni
562 2211 688 2242 Iudaici
715 2214 745 2242 et
772 2211 914 2242 condicio
943 2211 1070 2251 imperii
1091 2211 1229 2242 Romani
1252 2210 1362 2251 quales
1385 2209 1575 2251 temporibus
1599 2209 1678 2241 Jesu
1706 2208 1980 2250 apostolorumque
2002 2208 2071 2240 einis

291 2261 418 2300 fuerint
441 2260 585 2293 disseret
608 2261 640 2294 d.
663 2262 770 2294 Merc.
793 2266 826 2293 et
849 2261 919 2294 Sat.
943 2261 974 2292 11.
998 2261 1073 2294 XII.
1118 2261 1316 2293 Privatim
1337 2261 1379 2294 ΙΙ.
1434 2261 1597 2293 Historiae
1620 2261 1770 2292 ecclesiae
1787 2263 1914 2301 partem
1929 2259 2070 2303 primam

299 2316 412 2354 (usqae
435 2313 477 2344 ad
499 2317 631 2345 aetatem
656 2313 763 2345 Caroli
785 2314 908 2354 Mayni)
932 2313 1100 2344 enarrabit
1124 2312 1277 2355 quotidie
1303 2312 1337 2345 h.
1360 2312 1420 2345 XI.

450 2372 698 2406 EDUARDUS
729 2373 926 2411 BRATKE,
960 2373 1029 2406 Lic.
1058 2373 1173 2415 theoL,
1207 2373 1266 2405 Dr.
1290 2372 1372 2415 phil.
1416 2372 1624 2405 Privatim.
1683 2372 1860 2404 Historiam
1892 2371 2071 2413 dogmatum

303 2424 555 2457 Christianorum
573 2436 634 2467 per
656 2429 788 2458 veterem
812 2430 841 2457 et
862 2427 1007 2467 mediam,
1031 2436 1111 2468 qaae
1134 2428 1275 2465 vocatur,
1299 2428 1430 2457 aetatem
1453 2425 1603 2457 ecclesiae
1631 2434 1731 2466 usque
1765 2423 1808 2456 ad
1834 2421 2070 2463 reformationis

299 2479 440 2517 tempora
465 2477 632 2509 enarrabit
657 2477 837 2520 quinquies
860 2477 893 2510 h.
919 2477 990 2509 VII.
