2138 2748
1163 232 1184 262 8

280 334 558 382 ‘disputamur’*)‚
582 338 637 370 ubi
656 334 877 369 ‘disseremus'
901 334 973 368 ΡΝ
984 339 1015 368 et
1030 336 1085 377 qui
1108 336 1138 368 h.
1161 337 1181 368 l.
1206 336 1347 368 continet
1376 334 1464 377 Vm).
1508 335 1558 367 Ex
1572 334 1777 378 paucissimis
1787 335 1895 369 verbis
1907 334 2059 378 exAper

281 392 361 424 alios
378 391 466 422 locos
483 389 646 421 adnotatis
667 388 730 420 duo
753 388 819 420 alia
836 397 963 428 quoque
986 388 1136 429 exempla
1152 387 1274 419 addere
1290 397 1431 429 possum,
1454 387 1509 419 ubi
1537 386 1568 417 V
1585 397 1656 419 cum
1679 385 1751 418 ΡΝ
1767 387 1870 428 magis
1893 387 2058 429 conspirat

282 453 377 483 quam
400 440 446 472 A:
470 441 503 472 in
525 440 588 472 fine
611 440 687 481 epit.
712 439 742 471 11
765 450 795 480 p.
822 439 893 480 11,3
916 439 956 470 H.
980 437 1130 480 ‘negatur
1151 439 1220 471 siue
1250 438 1457 479 magnissimo
1487 438 1556 470 siue
1584 437 1795 470 minuissimo’
1821 438 1919 479 (unde
1943 437 2056 470 ‘miuu-

279 489 416 526 tissimo²
441 492 491 524 ed.
516 492 705 531 Huemerus)
737 489 929 531 V‘negatur
952 490 1022 522 siue
1044 490 1252 531 magnissimo
1281 490 1350 521 siue
1374 489 1483 530 me(mi
1506 488 1707 530 N)dissimo’
1734 488 1806 521 ΡΝ
1819 488 1966 530 ‘negaret
1987 488 2058 522 siue

281 553 490 585 mundissimo
511 551 540 583 ἶ.
564 549 786 591 magnissimo'
804 550 844 590 A,
868 550 944 582 item
967 550 1000 582 in
1023 554 1168 583 extrema
1191 550 1334 591 epitoma
1355 550 1400 580 lv
1418 545 1576 581 ‘fuscator
1599 549 1663 590 (fus
1687 535 1767 581 033*
1791 548 1826 580 P
1843 549 1988 581 fateatur
2017 547 2059 587 V)

281 601 540 644 margaritarum’
565 613 599 644 p.
622 601 714 642 2521
739 611 786 642 sq.
809 600 881 632 ΡΝ
886 600 915 632 V
935 599 1166 643 ‘margar&ars1
1189 597 1344 633 fuscator'
1368 600 1408 632 A.
1460 600 1597 633 Omnino
1626 610 1699 632 cum
1726 599 1799 631 ΡΝ
1825 600 1858 632 in
1889 599 2059 632 verborum

281 655 494 688 collocatione
517 653 707 695 saepissime
729 652 813 684 inter
835 662 870 685 se
894 657 1080 694 congruant,
1103 662 1161 694 per
1184 653 1286 684 solam
1303 652 1477 694 epitomam
1499 651 1636 694 primam
1658 651 1769 684 novies
1793 651 1891 683 alium
1914 650 2059 683 ordinem

280 706 423 747 sequitur
450 704 495 737 A:
526 704 565 737 cf.
600 703 756 736 lectiones
786 713 885 745 supra
913 703 1032 736 allatas
1063 715 1093 746 p.
1123 703 1177 744 3‚4
1204 707 1236 735 et
1266 704 1321 742 123
1349 703 1402 744 4,6
1431 707 1462 735 et
1493 703 1532 734 14
1555 713 1618 744 sq.;
1649 703 1699 744 5,1
1724 707 1755 734 et
1778 703 1798 734 2
1821 706 1853 734 et
1878 702 1915 734 17
1945 705 1978 734 et
1995 701 2058 748 ⁴183

281 759 355 799 6,14
378 767 424 798 sq.
448 767 520 788 cum
544 755 685 787 editione
708 754 870 795 Huemeri,
892 755 948 786 ubi
970 764 1028 796 per
1044 758 1115 787 octo
1131 755 1255 797 priores
1271 755 1359 787 locos
1380 754 1452 786 ΡΝ
1470 754 1607 786 eandem
1622 764 1767 787 normam
1791 754 1892 796 sequi,
1915 756 2058 786 extremo

279 810 351 841 loco
364 808 531 850 paululum
543 807 626 838 inter
637 816 672 838 se
685 805 815 837 differre
831 807 970 845 (mortua
986 806 1129 837 membra
1146 816 1202 838 suo
1222 806 1332 847 uigore
1347 805 1492 837 uiuificat
1509 804 1543 836 P
1558 806 1701 837 membra
1719 809 1845 837 mortua
1867 815 1926 837 suo
1941 804 2055 846 uigore

279 860 423 893 uiuificat
436 858 475 890 N
482 862 607 890 mortua
618 857 762 889 uiuifieat
773 859 886 889 mebra
898 867 955 889 suo
967 857 1078 898 uigore
1090 856 1138 897 A)
1154 857 1289 889 videbis.
1334 857 1508 889 Praeterea
1521 866 1620 899 saepe
1633 856 1704 889 cod.
1727 855 1757 887 A
1775 867 1796 888 a
1808 855 1880 887 ΡΝ
1890 865 1928 888 eo
1940 855 2060 898 differt,

280 911 366 953 quod
388 911 489 943 verba
510 909 694 949 formasque
710 919 730 940 a
745 908 881 949 Virgilio
898 908 1072 940 secundum
1089 909 1147 940 hos
1162 911 1318 950 usurpata
1332 909 1405 940 usui
1421 908 1579 940 communi
1595 907 1705 940 studet
1726 906 1987 948 accommodar03
2009 907 2057 940 sic

278 974 309 1006 p.
345 963 395 1004 4,1
426 960 630 1004 perfendiant
664 958 744 991 PN:
781 959 940 1001 §tendant
972 958 1018 999 A3
1046 959 1099 1000 4,2
1134 959 1194 991 hac
1229 959 1326 992 moda
1360 958 1440 991 PN:
1474 955 1495 991 li
1520 958 1615 991 modo
1643 958 1688 999 A3
1716 959 1790 1000 4‚12
1813 957 2056 991 omnimodatim

281 1023 362 1054 PN:
389 1022 482 1054 onffio
507 1020 541 1062 (i.
575 1030 599 1052 e.
634 1019 775 1060 omnino)
809 1019 855 1059 A,
888 1020 962 1060 4,16
996 1020 1133 1051 emulem
1166 1018 1248 1051 PN:
1283 1020 1442 1052 aemulam
1470 1018 1500 1050 A
1535 1019 1540 1061 1
1574 1019 1649 1059 4,20
1679 1018 1834 1051 audatum
1862 1010 1935 1050 ΡΝ
1939 1029 1947 1049 :
1975 1021 2058 1051 ausu

284 1075 337 1115 (ex
355 1068 496 1105 ‘incasfi'
526 1072 581 1104 lin.
608 1072 646 1103 19
670 1071 738 1102 fere
761 1070 897 1113 repetito
922 1071 1015 1111 corr.)
1044 1070 1090 1111 A,
1123 1071 1176 1112 5‚9
1205 1070 1362 1103 offendies
1391 1069 1431 1102 N
1454 1069 1622 1103 ossendies
1652 1069 1698 1102 P:
1728 1068 1875 1102 offendas
1907 1067 1953 1110 A3
1980 1069 2055 1111 5‚15

281 1123 724 1166 eloquentionibusque(quae
758 1121 795 1153 N
826 1125 861 1154 ut
894 1121 973 1163 vid.)
1003 1121 1083 1154 PN:
1120 1122 1390 1163 elocucionibusq.
1425 1121 1471 1161 A,
1510 1121 1583 1162 5‚18
1611 1121 1685 1153 fitur
1713 1119 1747 1152 P
1772 1120 1852 1153 situr
1874 1119 1924 1152 N:
1960 1119 1995 1152 fit
2016 1119 2056 1151 Α.

280 1176 404 1209 Eodem
427 1174 504 1206 mihi
519 1173 647 1206 videtur
663 1173 825 1215 pertinere
843 1169 1014 1205 ‘subicere'
1042 1174 1094 1214 (ex
1127 1172 1247 1206 subire’
1265 1174 1358 1215 corr.)
1383 1184 1413 1215 p.
1429 1173 1513 1214 4‚12‚
1537 1172 1623 1213 quod
1646 1172 1826 1204 Huemerus
1849 1170 1920 1204 cod.
1941 1170 1974 1203 A
1994 1180 2059 1204 uon

283 1227 411 1268 cognito
434 1225 571 1267 recepit:
590 1221 783 1257 ‘subiecere’
815 1223 887 1255 PN
904 1224 977 1256 coll.
1003 1221 1150 1256 ‘iectant'
1173 1226 1263 1265 21‚1;
1289 1223 1474 1256 ‘iectantur’
1500 1223 1604 1264 7524.
1648 1223 1761 1264 Neque
1784 1222 1888 1255 minus
1910 1222 1956 1255 sic
1978 1221 2058 1255 iudi·

282 1278 421 1311 candum
437 1277 498 1309 erit
512 1276 554 1308 de
568 1276 727 1308 vocabulo
743 1276 776 1307 in
791 1276 878 1308 linea
893 1276 1039 1317 proxime
1054 1276 1252 1316 inseqeunte,
1268 1275 1354 1316 quod
1373 1273 1604 1307 ‘accitandum’
1622 1274 1752 1306 exhibet
1766 1273 1807 1315 P,
1824 1270 2056 1306 ‘catizandum’

285 1329 324 1361 N
347 1329 402 1370 (cf.
430 1329 454 1360 I.
483 1328 526 1360 M.
555 1328 736 1360 Stowasser
758 1327 790 1359 in
814 1337 952 1360 censura
985 1327 1035 1359 ed.
1064 1327 1302 1359 Huemerianae
1324 1330 1387 1359 act.
1417 1336 1525 1368 gymn.
1556 1327 1662 1358 Austr.
1695 1325 1775 1357 1887
1810 1335 1843 1367 p.
1874 1325 1958 1366 123),
1981 1322 2057 1357 ‘iae-

281 1379 427 1414 tandum'
452 1379 492 1412 A.

433 1445 468 1476 Si
491 1444 524 1476 in
546 1444 731 1476 universum
754 1443 856 1475 codex
881 1443 914 1474 P
933 1442 1036 1475 codici
1061 1442 1100 1474 N
1118 1446 1285 1485 praestare
1314 1445 1401 1474 recte
1429 1442 1546 1474 dicitur
1574 1442 1616 1474 ab
1640 1441 1800 1473 Huemero
1823 1440 1926 1482 praef.
1949 1439 2001 1474 ed.
2023 1451 2054 1482 p.

281 1498 346 1530 XII
368 1496 495 1529 etiamsi
518 1495 631 1527 merito
654 1505 714 1526 nec
736 1494 820 1527 hunc
843 1504 902 1527 nec
924 1495 1050 1535 reliqua
1072 1494 1258 1526 adiumenta
1287 1494 1400 1526 critica
1428 1496 1663 1534 contemnente,
1691 1502 1740 1533 ae,
1770 1492 1860 1524 cuius
1889 1501 2057 1525 assensum

282 1550 369 1590 tulit,
397 1549 597 1580 Stowassero
621 1547 642 1578 l.
672 1546 704 1587 l.,
728 1546 909 1587 fragmento
940 1545 1189 1578 Vindobonense
1218 1545 1280 1586 (V)
1305 1544 1444 1576 medium
1468 1543 1629 1585 quendam
1652 1544 1758 1575 locum
1786 1543 1962 1586 obtinente,
1985 1553 2057 1577 eum

282 1600 489 1643 conpluribus
511 1599 591 1630 locis
614 1608 686 1630 cum
715 1597 755 1639 P,
779 1598 852 1629 aliis
876 1597 1069 1638 quibusdam
1092 1608 1164 1629 cum
1194 1596 1232 1628 N
1250 1596 1364 1633 faciat,
1387 1596 1475 1637 aliis,
1505 1595 1605 1628 veluti
1627 1605 1665 1627 eo
1688 1605 1783 1636 quem
1805 1605 1904 1637 supra
1933 1595 2003 1636 (lin.
2025 1594 2059 1636 3)

281 1663 321 1684 ex
345 1652 421 1694 epit.
444 1650 477 1682 II
500 1653 644 1682 extrema
659 1649 888 1691 descripsimus
903 1653 1039 1690 utroque
1062 1649 1167 1690 magis
1183 1648 1227 1681 ad
1249 1658 1360 1680 veram
1376 1647 1568 1690 scripturam
1585 1646 1731 1688 accedat,
1753 1646 1857 1679 codex
1879 1646 1908 1678 A
1929 1655 2058 1688 quoque

280 1703 439 1736 interdum
469 1711 527 1743 per
556 1701 616 1733 hoc
645 1704 748 1742 certe,
782 1700 868 1741 quod
896 1700 1093 1742 descriptum
1123 1700 1296 1741 habemus,
1326 1703 1424 1741 caput
1451 1709 1522 1731 cum
1551 1699 1706 1732 alterutro
1733 1701 1857 1731 rectam
1884 1698 2054 1731 lectionem

280 1758 402 1796 tuctur,
431 1753 562 1795 saepius
588 1756 712 1792 tamen,
741 1762 813 1784 cum
839 1752 873 1783 in
901 1752 955 1793 iis,
979 1761 1062 1792 quae
1091 1752 1304 1784 cummaxime
1332 1751 1515 1792 attulimus,
1542 1754 1609 1782 tum
1637 1750 1670 1782 in
1698 1749 1773 1782 aliis
1802 1752 1854 1781 sat
1880 1748 1990 1782 ‘multis
2012 1749 2054 1783 ab

281 1810 416 1846 utroque
450 1805 483 1836 in
511 1804 604 1846 peius
638 1803 796 1844 deflectit,
830 1813 963 1845 perraro
991 1803 1084 1835 unice
1118 1803 1236 1835 iustam
1269 1802 1461 1845 scripturam
1495 1805 1613 1835 servat.
1669 1801 1773 1839 Quam
1801 1801 1995 1834 sententiam
2021 1804 2058 1834 ut

281 1857 440 1899 exemplis
463 1856 586 1896 aliquot
608 1855 740 1895 firmem,
757 1857 844 1886 recte
859 1865 890 1896 p.
907 1855 954 1894 3,1
982 1855 1224 1886 connumeratio
1247 1853 1328 1885 PN:
1360 1853 1595 1886 comemoracio
1618 1852 1664 1894 A,
1687 1852 1763 1884 item
1779 1852 1831 1893 3‚6
1845 1855 1954 1892 gustet
1975 1851 2057 1884 PN:

281 1909 422 1950 gestauit
443 1907 490 1948 A3
513 1907 587 1948 3,13
609 1907 750 1938 internat
772 1905 843 1937 ΡΝ
846 1918 853 1937 :
877 1906 1021 1938 internus
1043 1906 1089 1945 A,
1111 1905 1162 1946 4‚7
1187 1905 1270 1937 sicut
1292 1908 1324 1937 et
1346 1903 1417 1936 ΡΝ
1421 1917 1427 1936 :
1451 1905 1498 1936 sic
1520 1903 1567 1946 A,
1589 1903 1663 1945 4‚18
1679 1903 1820 1935 minulae
1843 1902 1915 1934 ΡΝ
1917 1915 1925 1935 :
1948 1903 2058 1947 inhule

280 1960 326 2000 Ag
348 1959 422 2001 4‚19
445 1958 626 2000 postferant
648 1956 718 1988 ΡΝ
723 1969 730 1988 :
754 1957 883 1999 pferant
905 1956 955 1998 A3
979 1957 1053 1996 4‚23
1077 1960 1185 1988 rentur
1207 1955 1276 1988 ΡΝ
1282 1968 1289 1988 :
1313 1959 1400 1988 retur
1422 1955 1468 1996 A3
1491 1956 1566 1997 5‚10
1588 1956 1730 1997 leporem
1747 1953 1818 1986 ΡΝ
1820 1965 1828 1984 :
1851 1954 1996 1988 laborem
2009 1953 2056 1996 A3

281 2012 331 2053 6‚1
360 2010 498 2042 nominis
528 2009 780 2041 monstrabimus
816 2008 965 2050 exemplo
994 2007 1076 2039 PN:
1110 2008 1228 2040 nostris
1261 2007 1510 2040 monstrabimur
1538 2006 1721 2048 exemplum
1749 2005 1789 2047 A,
1817 2009 1915 2046 atque
1942 2005 2055 2039 eodem

279 2062 440 2105 pertinere
463 2061 602 2094 arbitror
625 2071 655 2102 p.
679 2061 730 2102 3‚7
755 2063 946 2092 consectans
969 2058 1040 2091 ΡΝ
1042 2071 1049 2091 :
1074 2059 1262 2101 coplectens
1284 2058 1324 2091 A.

432 2225 456 2257 ¹²)
474 2223 647 2257 Disputandi
656 2230 719 2250 voc.
730 2231 783 2257 pro
794 2223 954 2250 disserendi
971 2231 1036 2250 voc.
1046 2223 1074 2250 in
1086 2223 1112 2250 A
1126 2232 1157 2251 se
1166 2223 1322 2251 insinuavit
1333 2225 1452 2257 propter
1459 2222 1587 2257 proxime
1596 2219 1959 2256 praecedens‘disputavit’
1974 2223 2020 2255 (=
2031 2223 2059 2248 A

279 2278 364 2303 corr-‚3
383 2267 541 2302 disputabit
545 2269 611 2300 pn).
646 2266 842 2301 Archetypum
853 2266 1102 2294 codicisAverbis
1111 2267 1235 2294 nondum
1251 2267 1321 2293 satis
1331 2266 1463 2293 discretis
1482 2266 1618 2299 scriptum
1632 2265 1720 2292 fuisse
1739 2265 1916 2292 demonstrat
1933 2273 1995 2300 ας.
2004 2273 2032 2292 v.
2042 2266 2059 2292 l.

280 2324 322 2356 6,9
338 2303 426 2353 ‘co⁹‹¹1
445 2316 604 2346 abiudicim'
627 2327 680 2352 pro
695 2317 824 2353 ‘coqui(⁸.
845 2327 901 2353 quo
921 2318 1066 2353 qui)habin
1085 2317 1225 2353 dicimus’,
1243 2326 1336 2353 neque
1350 2318 1383 2344 in
1407 2317 1464 2344 ΡΝ
1480 2318 1549 2344 talia
1567 2317 1678 2351 desunt,
1696 2317 1785 2343 voluti
1804 2315 1841 2344 cf.
1858 2316 1921 2343 vsl.
1939 2325 1968 2351 p.
1985 2317 2058 2352 4,21;

281 2366 354 2398 10,9;
375 2363 464 2397 18,13;
484 2363 561 2396 3332
580 2364 609 2389 et
626 2362 668 2388 27.
690 2364 692 2366 ’

432 2406 470 2440 **)
497 2406 540 2433 De
563 2405 618 2432 hoe
642 2404 678 2432 cf.
702 2405 861 2432 Huemerus
884 2406 912 2432 in
936 2414 1034 2433 comm.
1059 2405 1116 2433 ‘die
1138 2406 1287 2440 Epitomae
1315 2406 1366 2432 des
1391 2404 1616 2434 Grammatikers
1639 2404 1774 2439 Virgilius
1797 2403 1878 2431 Maro
1900 2403 1974 2431 uach
1995 2403 2060 2432 dem

281 2451 469 2486 fragmentum
487 2449 708 2476 Vindobonense
729 2447 823 2475 19556’
846 2448 894 2483 [V]
911 2451 988 2476 nunt.
1007 2450 1087 2477 acad.
1106 2449 1190 2477 Vind.
1209 2457 1234 2476 a.
1255 2450 1319 2476 1881
1345 2448 1412 2482 (vol.
1435 2447 1527 2476 XCIX
1545 2457 1572 2483 p.
1590 2449 1642 2475 509
1661 2449 1733 2483 sqq.)
1755 2448 1864 2475 inserta
1881 2455 1908 2481 p.
1926 2447 1979 2474 542
1997 2455 2059 2483 sqq.
