2138 2748
243 376 274 403 N

61 1766 144 1792 editio
163 1767 263 1793 Aldina

138 2165 221 2191 editio

82 2208 261 2234 Basilieensis

173 2423 260 2449 codex

237 2465 260 2492 O

1160 273 1198 304 10

438 376 470 417 3)
495 375 533 406 N
552 391 591 403 =
615 377 760 408 Venetus
784 376 972 408 Marcianus
996 377 1058 408 285
1082 376 1175 418 (olim
1198 376 1425 418 Bessarionis)
1448 377 1588 408 membr.
1606 377 1661 408 fol.
1679 386 1765 408 saec.
1787 377 1844 409 XV
1867 387 1908 409 ex
1931 377 2060 409 duabus

289 430 422 460 constat
439 428 601 468 partibus,
614 438 754 468 quarum
766 428 859 468 prior
871 429 949 468 (qua
962 426 1414 469 continentur‘lmonpozwuq
1437 426 1603 469 ἀφορισμοὶ
1625 427 1692 470 μετ’
1717 427 1896 470 ἐξηγήσεως
1917 427 2062 470 Γαληνῶ

288 480 344 511 fol.
367 479 551 511 21--118r
574 481 606 510 et
628 478 772 520 Γαληνοῦ
796 479 838 516 εἰς
859 478 894 510 τὸ
916 479 986 520 περὶ
1009 478 1127 521 διαίτης
1161 476 1293 521 ὑγιεινῆς
1316 475 1546 520 Ἱπποκράτους
1569 477 1714 521 ἐξήγησις
1742 479 1798 511 fol.
1825 480 2062 518 liv-126¹,

288 531 404 562 folium
429 530 488 561 127
513 530 679 570 scriptura
700 540 841 561 vacuum
865 530 1018 562 relictum
1041 531 1105 571 est)
1133 531 1262 562 Romae
1290 540 1378 562 anno
1404 531 1486 561 1470
1514 540 1615 562 manu
1645 530 1780 562 Ioannis
1802 531 1911 563 Rhosi
1936 531 2062 572 scripta

288 584 339 613 est
366 583 451 613 teste
479 581 553 619 hac,
583 591 667 621 quae
690 581 746 612 fol.
773 581 853 612 126Ὶ7
877 581 1006 620 legitur,
1031 581 1293 621 subscriptione:
1323 579 1519 622 Ἐτελειώθη
1552 579 1587 612 τὸ
1619 581 1720 622 παρὸν
1749 580 1864 624 βιβλίον
1896 582 1978 624 χειρὶ
2006 583 2062 624 μὲν

287 632 415 664 ῖωάννου
437 631 648 674 πρεσβυτέρου
672 630 774 673 ῥώσου
795 635 850 663 τοῦ
873 630 1002 673 κρητός’
1033 627 1217 674 ἀναλώμασι
1246 632 1281 663 δὲ
1309 634 1363 663 τοῦ
1388 630 1632 674 αἰδεσιμωτάτου
1654 631 1743 674 ἡμῶν
1766 631 1918 664 δεσπότου
1943 632 2061 675 βησσα-

287 683 393 725 ρίωνος
415 682 624 725 καρδινάλεως
646 686 701 725 τῆς
724 683 851 726 σαβίνης
873 684 927 714 καὶ
941 682 1137 725 πατριάρχου
1153 682 1507 721 κωνσταντινουπόλεως.
1531 683 1563 715 ἐν
1583 683 1644 715 ἔτει
1660 682 1722 715 ἀπὸ
1744 684 1873 726 χριστοῦ
1894 684 2061 726 γεννέσεως

287 736 335 783 02⁰³*
368 743 407 783 ϋω
448 743 486 783 &m
527 751 627 783 ἰουνίω
657 750 820 793 δωδεκάτη
851 751 882 783 ἐν
911 749 1016 793 ῥώμηε
1046 751 1220 783 Posterior
1247 761 1325 791 pars
1353 751 1432 792 (qua
1460 752 1676 784 continentur
1709 752 1786 784 libri
1819 751 1963 794 Γαληνοῦ
1989 753 2061 794 περὶ

286 803 460 846 φαρμάκων
483 803 658 840 συνθέσεως
680 803 740 834 τῶν
762 801 845 833 κατὰ
867 802 956 844 γένος
978 803 1035 834 fol.
1061 803 1280 835 128ῐ-211“7
1306 803 1392 834 med.
1416 802 1590 844 [desinunt
1613 803 1799 844 imperfecti
1822 803 1858 835 in
1879 803 1992 835 verbis
2007 803 2062 834 καὶ

286 854 420 896 μάλιστα
441 857 592 896 χειμῶνος
615 854 646 886 ἐν
667 864 705 895 γε
727 858 792 891 ταῖς
814 851 841 891 ὁ,
865 864 950 894 quae
973 854 1128 894 leguntur
1150 854 1185 885 in
1207 855 1271 885 vol.
1287 854 1359 885 XIII
1381 864 1412 894 p.
1432 855 1524 893 1052,
1543 854 1581 886 18
1605 855 1656 886 ed.
1678 854 1799 886 Kuehn
1815 869 1854 881 =
1871 855 2060 887 Damocrat.

286 906 401 946 fragm.
429 907 473 938 XI
499 917 529 938 v.
558 906 598 937 97
628 915 723 936 meae
752 905 924 942 editionis;
954 905 1035 937 folia
1063 906 1242 936 212-215
1273 905 1438 945 scriptura
1466 915 1571 937 vacua
1601 905 1718 937 relicta
1745 904 1839 947 sunt]
1862 907 1895 938 et
1916 905 2060 948 Γαληνοῦ

284 955 452 999 ὑπόμνημα
479 957 521 995 εἰς
548 957 583 988 τὸ
609 956 709 997 τρίτον
738 956 906 998 ἐπιδημιῶν
932 955 1161 997 Ἱπποκράτους
1190 956 1246 988 fol.
1269 956 1490 988 216ῐ-243ν
1521 959 1555 988 et
1576 956 1720 998 Γαληνοῦ
1742 957 1813 998 περὶ
1835 952 1984 999 εὐχυμίας
2005 957 2061 988 καὶ

284 1009 482 1050 κακοχυμίας
505 1009 562 1040 fol.
585 1008 778 1039 2441—251
790 1007 813 1048 r)
837 1009 943 1039 altera
965 1018 1067 1039 manu
1084 1008 1209 1048 scripta
1225 1010 1285 1045 est,
1310 1018 1394 1048 quae
1411 1009 1444 1039 et
1467 1008 1540 1048 ipsa
1555 1008 1597 1040 ad
1619 1009 1843 1049 posteriorem
1864 1008 1987 1040 saeculi
2003 1008 2061 1040 XV

283 1062 412 1100 partem
435 1060 591 1100 pertinet.

437 1141 579 1173 Constat
608 1141 740 1172 codices
772 1140 815 1171 M
837 1140 955 1182 (usque
984 1141 1028 1172 ad
1057 1141 1112 1172 fol.
1139 1141 1219 1172 125ν
1243 1141 1344 1182 med.)
1367 1143 1401 1172 et
1424 1140 1462 1172 N
1480 1151 1521 1173 ex
1545 1141 1664 1173 eodem
1686 1141 1772 1173 libro
1796 1141 1831 1172 in
1853 1141 1918 1173 fine
1940 1141 2058 1174 mutilo

284 1194 316 1223 et
338 1192 439 1223 hodie
463 1192 637 1232 deperdito
661 1192 700 1233 (c)
725 1192 771 1223 ita
794 1192 1017 1232 transcriptos
1042 1202 1126 1230 esse,
1150 1194 1185 1223 ut
1208 1193 1419 1224 Damocratis
1448 1193 1611 1225 memoria
1638 1193 1757 1224 melius
1781 1193 1816 1224 in
1840 1192 1880 1224 M
1900 1203 2000 1234 quam
2021 1193 2058 1224 in

284 1242 323 1273 N
341 1243 384 1274 sit
408 1245 548 1275 servata.
594 1243 678 1274 Nam
692 1253 832 1283 prorsus
856 1243 975 1275 eodem
998 1243 1083 1282 loco,
1106 1243 1163 1275 ubi
1187 1244 1329 1284 abrupta
1352 1254 1427 1276 esse
1451 1244 1568 1276 Galeni
1591 1244 1693 1276 verba
1715 1244 1750 1276 in
1774 1243 1813 1275 N
1830 1244 1910 1283 dixi,
1933 1244 2058 1276 desinit

284 1294 431 1334 scribere
454 1294 579 1326 codicis
605 1293 649 1325 M
664 1304 783 1325 manus
812 1295 963 1335 antiqua;
993 1295 1120 1336 reliqua
1149 1296 1263 1327 omnia
1290 1306 1396 1336 usque
1425 1296 1468 1327 ad
1494 1296 1594 1327 finem
1618 1295 1688 1337 (fol.
1714 1296 1796 1327 125v
1825 1296 1912 1328 med.
1934 1313 1977 1318 —
1999 1295 2056 1328 tol.

285 1347 364 1378 126r
386 1347 485 1387 med.)
514 1346 549 1377 in
578 1345 620 1376 M
641 1345 755 1378 addita
783 1347 861 1377 sunt
889 1356 991 1378 manu
1018 1347 1204 1379 recentiore
1235 1347 1359 1379 saeculi
1387 1347 1458 1379 XVI
1487 1347 1645 1385 ineuntis,
1676 1357 1760 1388 quae
1788 1348 2058 1388 supplementum

283 1398 363 1429 illud
393 1400 450 1429 aut
483 1408 523 1429 ex
557 1397 677 1429 eodem
712 1397 826 1429 codice
855 1396 913 1438 (b),
949 1407 989 1429 ex
1023 1407 1089 1438 quo
1122 1397 1148 1428 O
1181 1398 1403 1439 transcriptus
1441 1400 1507 1437 est,
1541 1401 1598 1430 aut
1633 1409 1674 1430 ex
1708 1398 1782 1439 ipso
1816 1398 1931 1430 codice
1956 1397 1984 1429 O
2011 1398 2058 1430 ita

281 1449 466 1487 arcessivit,
488 1451 525 1480 ut
547 1449 674 1489 aliquot
697 1449 790 1480 locos
814 1449 1008 1481 emendaret
1030 1449 1082 1481 vel
1104 1450 1340 1489 pessumdaret
1362 1449 1463 1491 (conf.
1488 1450 1588 1481 etiam
1612 1460 1697 1491 quae
1719 1450 1763 1482 ad
1784 1449 1994 1482 Damocratis
2017 1449 2057 1482 fr.

281 1500 325 1532 XI
347 1511 376 1532 v,
400 1500 439 1532 97
464 1500 643 1541 adnotavi).

433 1582 553 1614 Paucis
583 1582 667 1613 locis
697 1582 803 1613 codex
830 1581 869 1612 N
891 1592 912 1613 a
941 1581 1055 1613 codice
1087 1581 1131 1612 M
1153 1582 1348 1623 discrepans
1379 1582 1426 1614 ita
1454 1582 1624 1614 consentit
1653 1592 1728 1614 cum
1759 1582 1874 1614 codice
1898 1581 1935 1622 O,
1962 1584 1999 1614 ut
2021 1582 2057 1614 in

282 1634 396 1666 codice
419 1634 436 1665 b
459 1634 505 1675 (et
528 1644 569 1665 ex
591 1634 657 1665 hoc
679 1633 901 1673 transcriptas
925 1633 960 1664 in
985 1633 1099 1665 codice
1122 1633 1150 1674 e)
1180 1634 1361 1665 nonnullas
1386 1634 1570 1674 scripturas
1594 1634 1746 1665 extitisse
1775 1633 1924 1674 duplices
1949 1635 2055 1666 statu-

282 1686 405 1717 endum
429 1686 473 1717 sit
495 1687 595 1726 atque
619 1684 772 1716 codicum
795 1683 835 1715 N
853 1687 886 1716 et
911 1684 937 1714 O
961 1684 1089 1716 scribas
1113 1694 1193 1717 casu
1216 1685 1352 1717 easdem
1376 1685 1545 1726 selegisse.

435 1767 545 1798 Editio
574 1766 724 1798 Aldina
750 1766 831 1798 anni
863 1766 944 1797 1525
973 1775 1134 1806 expressa
1162 1768 1214 1798 est
1241 1776 1282 1798 ex
1312 1766 1385 1807 ipso
1415 1766 1529 1798 codice
1558 1765 1602 1798 N.
1647 1766 1760 1807 Itaque
1789 1759 1888 1798 etiam
1911 1766 2055 1798 Aldinae

281 1819 508 1859 typographus
537 1818 654 1849 Galeni
687 1818 758 1858 περὶ
790 1816 966 1854 συνθέσεως
999 1816 1173 1859 φαρμάκων
1199 1820 1259 1849 τῶν
1289 1816 1372 1849 κατὰ
1398 1817 1474 1859 γὲνη
1502 1818 1625 1850 librum
1655 1817 1835 1858 septimum
1861 1817 2055 1850 terminavit

283 1870 514 1910 imperfectum
536 1869 589 1900 his
613 1868 740 1900 verbis:
763 1867 828 1899 Καὶ
851 1867 983 1910 μάλιστα
1005 1868 1157 1910 χειμῶνος
1179 1869 1212 1900 ἓν
1233 1879 1270 1910 γε
1292 1873 1358 1906 ταῖς
1381 1867 1407 1900 ὁ.
1451 1869 1529 1901 Mox
1544 1871 1655 1901 autem
1670 1869 1747 1901 Aldi
1771 1869 1904 1901 officina
1926 1868 2055 1900 addidit

282 1921 353 1959 δοῖς.
379 1923 411 1953 et
434 1921 592 1961 deinceps
616 1919 688 1958 Τοῖς
711 1918 876 1957 εὖαλιότοις
899 1922 960 1952 etc.
984 1930 1090 1961 usque
1120 1920 1163 1952 ad
1184 1920 1262 1952 libri
1291 1921 1392 1952 finem
1419 1920 1467 1962 (id
1493 1922 1544 1952 est
1570 1930 1676 1962 usque
1708 1921 1750 1952 ad
1776 1921 1930 1952 Damocr.
1954 1920 1993 1952 fr.
2010 1919 2055 1952 XI

284 1972 357 2013 196)
395 1982 435 2004 ex
474 1972 547 2012 ipso
586 1971 701 2003 codice
732 1970 775 2002 M
782 1983 789 2008 ;
827 1971 891 2003 hoc
931 1973 1058 2010 autern,
1093 1972 1182 2012 quod
1221 1973 1340 2012 postea
1377 1972 1512 2004 demum
1552 1972 1587 2004 in
1620 1970 1744 2004 Aldina
1777 1972 1943 2004 adiectum
1980 1980 2055 2003 esse

281 2024 359 2062 dixi,
384 2024 653 2064 supplementum
675 2023 768 2055 vario
792 2023 970 2055 atramenti
993 2023 1105 2055 colore
1129 2023 1170 2054 ab
1194 2023 1254 2061 eis,
1278 2033 1362 2064 quae
1384 2023 1599 2064 praecedunt,
1623 2024 1808 2055 luculenter
1830 2022 2055 2064 distinguitur.

282 2075 438 2106 Ceterum
461 2075 495 2106 in
519 2074 667 2106 editione
678 2074 801 2106 Aldina
824 2074 977 2106 nonnulli
999 2074 1063 2106 loci
1087 2074 1175 2105 felici
1192 2074 1384 2106 coniectura
1401 2075 1510 2106 sanati
1528 2077 1615 2113 sunt,
1631 2075 1839 2115 pessumdati
1862 2084 1932 2106 non
1946 2074 2054 2115 pauci.

433 2157 483 2188 Ex
505 2156 628 2188 Aldina
651 2165 812 2196 expressa
835 2157 886 2187 est
909 2155 1011 2187 editio
1041 2155 1307 2188 Basileensis
1337 2157 1418 2188 anni
1449 2151 1545 2194 1538}
1574 2156 1732 2197 perpauci
1761 2156 1827 2188 loci
1849 2156 2051 2188 coniecturis
2072 2161 2076 2167 '

281 2208 450 2239 emendati
480 2209 572 2244 sunt,
601 2207 717 2247 paucis
747 2206 831 2238 locis
866 2206 1012 2239 editores
1046 2207 1201 2239 videntur
1234 2207 1425 2248 inspexisse
1455 2208 1605 2240 codicem
1633 2208 1779 2249 aliquem
1808 2208 1916 2240 codici
1947 2207 1975 2239 O
2000 2207 2054 2240 vel

279 2259 522 2300 Phillippsiano
547 2259 700 2290 similem.

429 2414 463 2455 4)
489 2413 516 2444 O
539 2428 578 2440 =
600 2413 785 2445 Havnienis
808 2412 1033 2445 bibliothecae
1057 2414 1167 2454 regiae
1190 2414 1252 2445 225
1276 2414 1473 2446 chartaceus
1497 2414 1552 2445 fol.
1577 2423 1664 2445 saec.
1680 2414 1760 2452 XVI,
1784 2413 1826 2446 de
1849 2422 1914 2455 quo
1937 2413 2053 2446 codice

277 2475 396 2506 parum
419 2468 572 2497 accurate
597 2465 724 2497 rettulit
747 2465 888 2496 Carolus
912 2465 1023 2496 Graux
1047 2462 1188 2496 ‘Notices
1209 2464 1390 2496 sommaires
1412 2465 1465 2496 des
1486 2464 1680 2497 manuscrits
1698 2474 1787 2506 yrecs
1808 2464 1846 2496 de
1866 2464 1898 2497 la
1922 2464 2054 2497 Grande

277 2515 490 2556 Bibliotheqzae
517 2516 637 2557 Royale
664 2515 701 2547 de
733 2514 950 2557 Owenhaque'
980 2516 1119 2548 Parisiis
1145 2517 1226 2548 1879
1248 2527 1281 2557 p.
1304 2517 1347 2548 20
1370 2527 1419 2558 sq.
1465 2517 1502 2548 In
1529 2516 1610 2548 folio
1636 2516 1672 2548 lr
1695 2517 1754 2549 inf.
1777 2517 1860 2549 haee
1882 2517 2053 2558 leguntur:
