2138 2748
1155 271 1176 307 4

428 370 568 402 Plurimi
593 379 719 408 eorum,
743 379 828 410 quos
844 369 886 401 ab
904 370 1051 401 editione
1068 371 1261 409 secluserat,
1285 380 1441 402 versuum
1465 370 1500 402 in
1514 369 1650 411 Rigaltii
1669 367 1784 404 ‘Notis'
1811 369 1931 412 sepulti
1952 368 2053 403 hodie

278 432 409 463 quoquc
432 421 575 460 latitant,
600 421 759 462 quoniam
782 421 881 452 Ianus
904 421 1059 461 Rutgers‚
1083 421 1139 462 qui
1161 421 1352 462 Rigaltiana
1376 421 1523 454 editione
1545 432 1664 462 pamm
1687 422 1865 463 diligenter
1885 433 1967 454 usus
1991 423 2053 460 est,

278 476 311 504 et
337 474 434 513 Hugo
463 473 609 511 Grotius,
638 472 693 513 qui
722 472 893 513 aliquanto
928 472 1116 504 accuratius
1143 472 1280 513 Rigaltii
1305 471 1430 504 ‘Notas'
1460 473 1610 513 perlegit,
1642 483 1829 514 perpaucos
1864 483 1980 506 eorum
2013 482 2054 504 ex

278 524 426 556 tenebris
451 524 750 563 resuscitaverunt,
781 524 809 555 ei
838 525 960 562 autem,
995 524 1049 564 qui
1078 525 1155 564 post
1183 523 1335 555 Grotium
1364 523 1537 555 Menandri
1570 526 1603 555 et
1624 524 1833 556 Philemonis
1857 523 2053 565 fragmentis

277 586 413 616 operam
449 576 584 614 dabant,
618 575 844 615 Rigaltianam
872 575 1064 614 editionem,
1099 585 1199 615 quam
1230 574 1266 606 in
1292 574 1446 615 plurimis
1474 575 1689 607 bibliothecis
1717 575 1860 616 publicis
1875 575 1896 617 ¹)
1930 575 2055 607 frustra

278 637 429 668 quaeras,
454 627 620 667 inspicere
643 627 686 658 ad
708 637 812 658 unum
836 635 954 658 omnes
978 626 1207 666 neglexerunt.
1251 626 1410 658 Attamen
1434 626 1549 657 insunt
1576 626 1611 658 in
1632 626 1768 667 Rigaltii
1787 623 1903 659 ‘Notis'
1927 627 2054 668 aliquot

275 689 393 710 versus
416 678 563 719 optimae
592 680 703 717 notae,
733 688 934 719 quamquam
962 687 1031 709 non
1054 687 1180 718 paucos
1210 679 1302 709 recto
1331 677 1454 709 iudicio
1478 687 1498 709 a
1519 677 1666 718 Rigaltio
1695 678 1846 710 seclusos
1875 687 1950 710 esse
1973 687 2055 710 con·
2094 676 2098 680 ’

277 730 463 762 cedendum
486 732 547 762 est.

429 781 492 819 Qui
517 781 585 812 sint
609 780 716 821 ‚‚duo“
741 780 788 812 illi
812 780 943 821 „regiae
965 780 1191 812 bibliothecae
1215 779 1380 818 codices“,
1404 780 1446 811 ad
1463 789 1605 820 quorum
1626 780 1726 812 fidem
1747 780 1912 821 Rigaltius
1936 779 2056 812 editio-

277 843 354 865 nem
383 833 571 873 principem
605 842 641 864 se
671 841 807 864 curasse
835 831 928 870 dixit,
962 831 1060 863 facile
1089 833 1140 862 est
1168 831 1315 862 inventu.
1373 831 1507 863 Etenim
1539 833 1626 863 teste
1652 832 1775 863 Meloto
1809 832 1843 863 in
1884 831 2055 872 „Catalogi
2085 846 2099 851 -

277 885 431 916 codicum
453 883 760 924 manuscriptorum
781 883 1007 915 bibliothecae
1030 883 1160 923 regiae“
1184 885 1276 914 tomo
1294 883 1441 914 secundo
1465 883 1616 923 (Parisiis
1640 883 1735 925 1740)
1757 894 1790 924 p.
1806 883 1869 916 543
1891 885 1925 915 et
1944 893 1976 925 p.
1991 884 2057 915 400

272 934 538 967 ‘Sententiarum
558 934 734 967 Menandri
758 936 791 966 et
813 934 1025 966 Philistionis
1049 933 1264 974 comparatio’
1294 934 1415 974 legitur
1438 934 1472 966 in
1501 935 1616 966 codice
1638 935 1794 967 Parisino
1821 945 1942 976 graeco
1970 935 2056 968 2720

234 996 258 1030 ρ
276 987 388 1028 (nobis
421 985 460 1028 Q)
496 988 528 1018 et
549 982 775 1018 ‘Philistionis
810 987 842 1017 et
873 985 1049 1017 Menandri
1084 985 1327 1018 sententiarum
1359 982 1524 1028 σύγκρισις’
1559 986 1593 1018 111
1627 986 1783 1018 Parisino
1816 996 1937 1027 graeco
1973 986 2055 1019 1773

232 1047 258 1073 P
276 1038 388 1079 (nobis
417 1037 472 1079 P),
503 1047 610 1078 neque
638 1037 743 1069 ullum
771 1039 947 1078 praeterea
970 1032 1263 1078 ‘Comparationis’
1293 1037 1445 1069 codicem
1477 1036 1631 1078 possidet
1657 1037 1864 1070 bibliotheca
1891 1037 2056 1070 Parisina.

427 1089 475 1120 De
499 1089 552 1120 his
580 1088 675 1120 libris
709 1087 736 1127 Q
758 1090 792 1120 et
814 1087 848 1119 P
873 1098 979 1129 nuper
1006 1088 1041 1120 in
1066 1087 1354 1120 ‘Wochensehrist
1382 1088 1434 1119 fur
1463 1088 1648 1120 klassische
1677 1084 1871 1129 Philologie'
1902 1087 2053 1120 Berolini

276 1150 304 1172 a.
331 1141 412 1172 1886
435 1151 466 1181 p.
493 1140 575 1172 1584
598 1150 670 1181 sqq.
694 1140 740 1171 ita
763 1140 901 1180 egimus,
924 1142 961 1172 ut
975 1140 1196 1180 probaremus
1220 1139 1360 1171 metrica
1383 1139 1441 1172 illa
1465 1137 1538 1172 “cdiv
1566 1139 1645 1171 ἑπτὰ
1666 1139 1772 1181 σοφῶν
1800 1136 2054 1182 ἀποφθέγματοί,

276 1202 360 1232 quae
378 1192 412 1223 in
425 1191 523 1223 Pfol.
541 1191 760 1223 233V--236v
773 1193 917 1230 exstant,
935 1201 976 1223 ex
995 1191 1069 1232 ipso
1086 1190 1113 1230 Q
1125 1190 1329 1231 transcripta
1348 1201 1433 1223 esse.
1466 1190 1493 1229 Q
1504 1201 1606 1223 manu
1619 1191 1788 1232 Scipionis
1802 1191 2053 1224 Carteromachi

275 1237 494 1275 Pistoriensis
518 1243 551 1284 (i.
571 1253 599 1275 e.
618 1241 764 1284 Scipiom
781 1241 996 1284 Fortiqzoerrl)
1016 1242 1150 1275 saeculo
1167 1238 1390 1274 XV'exeunte
1409 1242 1554 1283 scriptus
1573 1242 1713 1281 videtur,
1738 1242 1890 1275 codicem
1907 1241 1942 1274 P
1953 1252 2055 1275 manu

275 1293 528 1337 Βαρθολωμαίου
551 1294 605 1326 τοῦ
627 1293 830 1337 Κομπαρίνου
853 1304 943 1326 anno
970 1295 1051 1326 1493
1075 1295 1247 1325 exaratum
1272 1303 1347 1325 esse
1371 1295 1514 1326 constat.
1560 1293 1651 1326 Ordo
1675 1293 1866 1326 libellorum
1889 1293 1924 1326 in
1950 1293 1978 1334 Q
1998 1293 2055 1326 hic

277 1349 342 1378 est:
366 1347 388 1378 Ι.
412 1346 468 1378 fol.
495 1347 528 1378 1Γ
547 1365 586 1368 -
612 1346 668 1378 fol.
692 1345 733 1376 2v
756 1345 831 1387 (sub
855 1346 984 1384 finem):
1009 1343 1179 1387 μενάνδρου
1194 1345 1249 1376 καὶ
1264 1344 1453 1386 φιλιστίωνος
1467 1343 1625 1387 σύγκρισις
1647 1345 1681 1387 (1.
1699 1355 1726 1377 0.
1743 1347 1881 1378 nostrae
1897 1345 2056 1378 editionis

275 1408 392 1430 versus
418 1398 570 1439 1—210);
607 1398 644 1429 ΙΙ.
668 1397 746 1429 inde
769 1408 789 1429 a
811 1397 1017 1438 paenultima
1044 1396 1114 1429 folii
1137 1397 1173 1428 Ψ
1196 1396 1286 1428 linea
1312 1406 1418 1438 usque
1447 1397 1490 1428 ad
1514 1397 1584 1429 folii
1612 1398 1650 1429 5r
1672 1399 1803 1438 partem
1830 1388 2054 1438 superffirem:

276 1449 416 1481 metrica
444 1449 516 1488 illa,
546 1449 586 1481 de
617 1449 738 1490 quibus
768 1449 853 1487 dixi,
887 1448 948 1480 τῶν
976 1447 1054 1479 ἑπτὰ
1087 1448 1192 1490 σοφῶν
1226 1443 1475 1490 ἀποφθέγματα;
1514 1449 1565 1480 ΙΠ.
1595 1448 1652 1480 fol.
1681 1449 1719 1480 5r
1742 1467 1785 1471 ——
1807 1448 1864 1481 fol.
1887 1449 1929 1481 5v
1951 1448 2056 1481 med-2

276 1500 450 1532 Menandri
475 1503 507 1532 et
523 1500 733 1532 Philistionis
751 1499 939 1532 sententiae
962 1499 1038 1531 illae
1054 1499 1185 1541 δίστιχοι
1207 1500 1299 1531 nulla
1314 1499 1503 1540 praemissa
1525 1500 1756 1541 inscriptione,
1780 1510 1863 1541 quas
1887 1500 1922 1532 in
1938 1501 2056 1533 nostra

277 1552 424 1584 editione
447 1552 688 1593 appellavimus
711 1551 936 1583 MENANDRI
959 1551 1016 1583 ET
1039 1550 1322 1583 PHILISTIONIS
1351 1551 1556 1583 DISTICHA
1578 1551 1780 1584 PARISINA
1806 1551 1903 1593 (vers.
1928 1551 2056 1593 1—62),

276 1603 374 1634 Ianus
395 1603 540 1644 Rutgers
564 1603 714 1645 (omissis
735 1602 889 1634 versibus
913 1602 1039 1634 59—62
1063 1604 1200 1634 nostrae
1221 1602 1392 1642 editionis)
1410 1598 1690 1643 ‘comparationi’
1712 1602 1854 1635 inseruit
1875 1598 2056 1644 (=‘Com-

276 1651 470 1696 pai-ationis’
494 1665 514 1687 a
536 1654 715 1696 Rutgersio
746 1654 855 1686 editae
878 1664 964 1685 vers.
992 1653 1187 1695 170—227);
1216 1654 1266 1685 IV.
1297 1654 1352 1685 sol.
1375 1654 1415 1685 5¹⁷
1438 1653 1567 1695 (med.):
1596 1653 1793 1686 historiolae
1822 1653 2005 1686 nonnullae
2016 1653 2056 1695 ²);

432 1793 450 1826 ¹)
486 1792 570 1819 veluti
586 1792 614 1818 in
623 1792 859 1825 Argentoratensi,
868 1791 1103 1823 Berolinensibus.
1113 1791 1262 1823 Bonnensi,
1276 1791 1494 1822 Carolsruhensi.
1503 1791 1706 1823 Darmstadina.
1716 1791 1875 1824 Dresdensi.
1884 1791 2055 1826 Erlangensi.

276 1836 460 1869 Friburgensi,
479 1836 610 1867 Gissensi,
629 1835 810 1869 Gottingensi,
829 1835 951 1867 Halensi,
970 1835 1207 1868 Heidelbergensi,
1225 1835 1348 1866 Kiliensi,
1366 1835 1504 1869 Lipsiensi
1515 1835 1731 1869 (universitatis),
1749 1835 1946 1868 Mai-burgensi,
1961 1835 2053 1862 Mona·

276 1880 412 1911 censibus.
436 1879 654 1910 Monasteriensi,
678 1879 820 1912 Pragensi,
843 1879 1054 1913 Regimontana,
1078 1878 1281 1910 Rostochiensi.
1309 1878 1514 1912 Stuttgartensi,
1537 1878 1807 1910 Vindobonensihus.
1834 1878 2054 1912 Viroehurgensi,

275 1923 543 1950 Vratislaviensibus.
579 1922 727 1948 Possident
745 1922 930 1955 Rigaltianam
949 1922 1100 1949 editionem
1118 1922 1303 1948 bibliothecae
1321 1922 1448 1956 publicae
1466 1922 1691 1956 Hamburgensis,
1715 1922 1867 1956 Lipsiensis
1885 1922 2054 1958 (senatoria),

275 1966 461 1993 Vimariensis.

427 2010 450 2043 ²)
487 2009 654 2036 Historiolae
673 2010 726 2036 hae
745 2011 810 2036 sunt
828 2009 855 2036 in
876 2009 900 2043 Q
918 2009 975 2043 (fol.
994 2009 1038 2042 5v)
1058 2011 1086 2035 et
1103 2009 1132 2036 in
1149 2008 1177 2035 P
1195 2008 1251 2043 (fol.
1271 2009 1364 2043 230vJ:

428 2053 603 2087 Στρατόνικος
621 2051 635 2079 ὁ
654 2053 813 2086 κιθαριστής
831 2053 998 2086 θεασάμενος
1015 2054 1072 2078 τίνα
1090 2053 1141 2086 (sic
1162 2052 1221 2086 QP)
1244 2051 1338 2086 οἱφυῶς
1359 2052 1512 2084 τοξεύοντα·
1537 2050 1663 2079 ἀπελθών
1686 2054 1749 2086 ἔστη
1773 2052 1847 2086 παρὰ
1871 2052 1918 2079 τὸν
1940 2052 2054 2078 σκοπὸν·

275 2099 473 2131 πυνθανομένου
492 2099 522 2123 δέ
540 2106 608 2129 τινος
626 2097 673 2131 τήν
692 2099 776 2123 αἰτίαν
794 2096 867 2128 ὅπως
885 2098 938 2130 ἔφη
957 2105 993 2130 μη
1012 2096 1062 2130 (510
1084 2095 1144 2130 QP)
1162 2097 1266 2130 πληγῶ.
1303 2096 1348 2130 [cf.
1366 2095 1515 2123 Maximum
1533 2096 1557 2122 11
1575 2104 1598 2128 p.
1618 2096 1670 2122 678
1688 2096 1742 2130 (ed.
1762 2096 1923 2130 Combefis);
1941 2095 2053 2122 Antonii

274 2141 412 2167 Melissam
431 2150 456 2175 p.
475 2141 509 2167 66
528 2141 571 2167 ed.
590 2140 714 2174 Gesner}

427 2187 549 2216 Αἴσωπος
567 2185 712 2218 ἐρωτηθεὶς
730 2186 754 2210 τί
771 2183 870 2217 ὄφελος
888 2187 943 2215 τοῖς
961 2185 1132 2217 ψευδομένοις
1151 2185 1184 2209 ὲκ
1201 2183 1248 2209 τοῦ
1267 2182 1381 2216 ψεύδους
1400 2184 1451 2216 ἔφη
1471 2183 1521 2217 (sic
1538 2182 1573 2215 P.
1593 2192 1644 2217 εφη
1661 2182 1707 2217 Q)·
1725 2183 1754 2209 τὸ
1774 2182 1826 2209 κάν
1845 2179 1938 2216 ἀληθῆ
1955 2183 2053 2216 λέγωσι

276 2229 310 2262 μὴ
330 2228 505 2255 πιστεύεσθαι.
543 2229 588 2263 [cf.
606 2228 754 2254 Maximum
772 2228 796 2254 11
815 2236 841 2261 p.
860 2228 923 2259 6253
941 2227 1087 2253 Arsenium
1107 2236 1132 2260 p.
1151 2227 1185 2252 93
1204 2227 1246 2253 ed.
1265 2226 1358 2258 Walz;
1379 2226 1557 2259 Florilegium
1574 2226 1740 2252 Monacense
1759 2226 1776 2260 ξ
1795 2226 1846 2252 239
1865 2224 2052 2260 (Zmpni‘mffl.

425 2269 605 2305 Ἀριστοτέλης
623 2272 791 2305 θεασάμενος
813 2273 949 2296 νεανίσκον
972 2270 1201 2303 ’κατωφρυώμενον
1225 2270 1275 2304 (510
1296 2269 1368 2304 QP)·
1396 2271 1478 2303 μηδὲν
1502 2271 1532 2295 δὲ
1556 2269 1739 2302 ἐπιστάμενον·
1766 2271 1886 2295 νεανίσκε
1903 2270 1968 2303 ἔφη·
1996 2270 2052 2300 οῐος

276 2318 321 2349 μὲν
340 2318 428 2348 δοκεῖς
448 2313 528 2347 αὐτὸς,
547 2318 612 2342 εἶναι
630 2315 684 2349 ἐγώ
701 2317 838 2348 γενοίμην.
858 2316 913 2346 οἶος
932 2315 962 2340 δὲ
980 2315 1012 2347 τῆ
1032 2311 1149 2347 ἀληθεία
1167 2312 1306 2346 ὑπάρχεις
1325 2313 1439 2339 τοιοῦτοι
1457 2313 1507 2347 (sic
1522 2312 1582 2347 QP)
1602 2322 1645 2346 μοι
1664 2315 1689 2339 ot
1707 2314 1802 2346 ἐχθροὶ
1819 2314 1935 2346 γένοιντο
1952 2311 2004 2345 (sic
2018 2311 2050 2347 Q.

274 2361 375 2392 γένοιτο
398 2359 443 2393 P).
481 2359 525 2393 [cf.
550 2359 673 2386 Curtium
690 2358 871 2385 Wachsmuth
890 2358 918 2384 in
933 2357 1112 2384 ‘Festschrift
1130 2365 1178 2384 zur
1195 2357 1374 2390 Begrnssung
1397 2357 1448 2383 der
1465 2377 1471 2384 .
1486 2378 1492 2383 .
1506 2377 1512 2383 .
1525 2357 1641 2383 XXXVI.
1661 2353 2053 2390 Philologen-Versammlung'

275 2403 399 2434 Friburgi
420 2403 486 2429 1882
505 2411 530 2436 p.
551 2403 582 2429 17
601 2411 675 2429 num.
695 2402 747 2436 75].
2052 2418 2053 2421 =

294 2481 297 2483 .
422 2445 448 2472 Ὀ
468 2444 549 2478 αὐτὸς
570 2446 806 2479 κατανοησοὶμενος
830 2445 966 2478 μειράκιον
991 2446 1032 2470 ἐπὶ
1055 2445 1215 2471 πολυτελεία
1238 2445 1286 2478 τῆς
1308 2443 1446 2477 χλαμύδος
1471 2434 1659 2479 σεῑῖνυνόμενον
1677 2443 1728 2476 (sic
1749 2442 1821 2478 QP)-
1841 2439 1872 2469 οὗ
1890 2442 1980 2476 παύση
1999 2443 2052 2477 ἔφη

275 2489 411 2522 μειράκιον
430 2491 471 2515 ἐπὶ
490 2489 623 2522 προβάτου
643 2489 693 2522 (sic
706 2488 740 2519 P,
759 2490 892 2522 προβατου
908 2488 941 2522 Q)
961 2488 1149 2521 σεμνυνόμενος
1167 2485 1260 2521 ἀρετῆ.
1292 2487 1336 2522 [cf.
1349 2487 1496 2514 Maximum
1509 2488 1533 2514 ΙΙ
1548 2497 1573 2521 p.
1587 2487 1650 2517 aa&
1669 2487 1780 2513 Antonii
1794 2486 1931 2513 Melissam
1950 2494 1976 2520 p.
1988 2486 2052 2518 141;

275 2534 370 2559 Gnom.
391 2533 473 2560 Basil.
493 2533 546 2567 (cd.
566 2533 675 2558 Froben
694 2541 718 2559 a.
739 2533 816 2566 1521)
836 2541 861 2566 p.
882 2533 944 2559 151:
963 2532 1107 2558 Arsenium
1128 2540 1153 2565 p.
1174 2531 1224 2557 122
1243 2531 1285 2558 ed.
1304 2531 1400 2565 Walz].
