2138 2748
952 260 987 294 11

91 358 125 391 et
146 366 286 391 caesura
307 356 458 391 destituti
481 356 623 390 trimetri
647 356 812 390 evitantur
834 366 942 398 neque
964 357 1032 389 ulla
1054 367 1193 390 caesura
1220 357 1366 399 legitima
1387 358 1518 392 videtur
1543 362 1676 401 praeter
1698 359 1856 403 semiqui—

90 409 219 442 nariam
242 411 275 442 et
290 409 610 450 semiseptenariam.
654 409 748 441 Hanc
764 417 918 441 normam
940 408 975 440 in
998 408 1186 441 incidendis
1203 411 1354 443 versibus
1378 413 1493 443 tenent
1514 414 1547 443 et
1571 412 1625 453 qui
1643 412 1855 453 Euripideum

88 461 277 495 trimetrum
292 460 412 493 imitati
434 461 572 502 propius
588 461 631 493 ad
653 460 844 501 tragoediae
859 460 1061 492 cothurnum
1083 461 1247 494 accedunt
1268 464 1301 494 et
1324 462 1379 503 qui
1394 463 1568 495 Menandri
1584 464 1856 505 Philemonisque

90 513 278 554 exemplum
301 512 405 544 secuti
428 513 621 545 comoediae
650 522 749 545 socco
772 512 1014 553 ingrediuntur,
1047 522 1110 544 nec
1136 514 1266 545 tantum
1294 514 1324 545 ei
1352 515 1407 555 qui
1442 514 1612 555 disyllabis
1635 515 1775 556 pedibus
1798 515 1858 547 tri-

89 564 235 606 syllabos
265 564 464 603 immiscent,
492 564 552 596 sed
574 564 675 596 etiam
702 564 732 596 ei
761 564 816 605 qui
843 563 1024 605 trisyllabis
1051 564 1126 604 plus
1154 565 1306 597 minusve
1328 565 1508 605 abstinent,
1532 567 1601 598 sive
1630 567 1750 607 pagani
1780 568 1858 598 sunt

88 617 208 657 poetae
235 615 304 648 sive
328 615 521 655 Christiani,
556 615 625 648 sive
652 615 834 656 legitimam
855 615 1020 647 vocalium
1053 625 1246 648 mensuram
1274 617 1455 649 observant
1482 618 1551 649 sive
1575 618 1761 658 neglegunt,
1789 618 1858 649 sive

89 667 235 700 tolerant
262 667 427 699 vocalium
461 667 730 700 concurrentium
764 666 892 699 hiatum
921 666 990 699 sive
1024 669 1201 708 respuunt,
1235 668 1305 700 sive
1337 669 1489 701 ultimam
1523 670 1663 701 trimetri
1698 670 1857 710 syllabam

89 719 230 752 accentu
250 718 469 759 grammatico
493 718 584 751 feriri
607 718 723 750 sinunt
745 718 814 750 sive
830 719 954 757 vetant,
978 718 1047 750 sive
1070 718 1104 750 in
1127 722 1335 760 paroxytona
1350 720 1511 752 vocabula
1534 721 1652 752 cadere
1676 721 1856 752 clausulam

90 769 207 803 volunt
240 770 309 802 sive
343 770 471 803 nolunt.
515 771 623 811 Atque
657 770 758 802 etiam
790 771 969 811 postquam
1003 770 1046 803 ad
1078 780 1180 803 unam
1214 771 1444 803 duodenarum
1482 772 1682 812 syllabarum
1717 772 1857 803 sormam

90 819 231 854 trimetri
254 821 381 854 redacti
410 823 504 861 sunt,
531 821 628 862 pauci
655 821 740 853 adeo
768 821 902 853 barbari
926 822 1059 854 fuerunt
1083 822 1313 864 iambographi
1344 823 1528 864 Byzantini,
1552 826 1588 856 ut
1618 833 1734 856 versus
1758 823 1859 854 semi-

90 872 244 914 quinaria
265 873 318 905 vel
341 873 618 914 semiseptenaria
640 882 778 906 caesura
801 875 953 905 carentes
977 874 1159 906 tolerarent
1168 874 1200 915 ¹).

239 924 282 956 Vt
304 925 437 956 saeculo
460 935 492 965 p.
516 924 594 957 Chr.
618 935 650 956 n.
674 925 779 957 altero
802 924 963 957 Hadriani
985 925 1300 966 Antoninorumque
1323 925 1523 958 Graecarum
1545 926 1713 958 Musarum
1743 936 1859 958 aman-

91 974 300 1008 tissimorum
327 975 472 1016 impulsu
496 975 607 1008 studia
628 985 748 1008 aureae
769 975 954 1007 Atticarum
982 976 1168 1009 litterarum
1190 977 1309 1008 aetatis
1338 977 1480 1009 feliciter
1508 978 1706 1010 resuscitata
1729 980 1805 1009 sunt
1829 980 1861 1009 et

90 1026 134 1059 ad
148 1026 320 1068 antiquam
336 1026 561 1067 integritatem
577 1026 841 1067 elegantiamque
856 1037 1004 1067 prosae
1016 1028 1160 1060 orationi
1173 1028 1378 1060 reddendam
1389 1029 1543 1070 permulti
1558 1039 1633 1061 sese
1644 1030 1861 1061 accinxerunt

91 1078 247 1111 homines
263 1077 380 1110 Graeci
404 1088 465 1110 nec
487 1080 599 1110 tamen
622 1078 696 1119 pari
714 1078 825 1110 studio
847 1078 966 1119 poesin
991 1079 1155 1111 iacentem
1178 1079 1305 1120 erigere
1320 1081 1505 1120 valuerunt,
1530 1081 1574 1113 ita
1599 1081 1675 1113 inde
1690 1092 1710 1113 a
1726 1081 1859 1113 saeculo

93 1131 223 1172 quarto,
246 1131 424 1170 postquam
448 1131 546 1171 caput
569 1129 661 1162 orbis
684 1131 849 1162 terrarum
870 1130 980 1162 Roma
1007 1131 1050 1162 ad
1073 1131 1261 1172 Bosporum
1290 1132 1489 1164 translatum
1518 1134 1578 1171 est,
1607 1132 1860 1173 incomparabili

94 1181 215 1214 ardore
237 1181 280 1213 ad
301 1181 515 1222 antiquorum
538 1183 746 1222 poetarum
768 1181 901 1214 laudem
930 1182 1183 1223 adaequandam
1212 1183 1246 1214 in
1271 1183 1476 1215 carminibus
1498 1184 1684 1224 pangendis
1708 1184 1860 1216 certatim

94 1232 340 1266 desudaverunt
355 1232 529 1274 Byzantini
550 1234 671 1273 poetae
687 1235 720 1265 et
741 1233 903 1274 poetastri
927 1235 960 1265 et
981 1234 1181 1274 poetastelli.
1225 1234 1292 1266 Nec
1307 1245 1387 1266 vero
1411 1235 1596 1267 exstinctus
1619 1238 1670 1267 est
1693 1236 1746 1267 hic
1770 1236 1862 1267 furor

94 1284 244 1326 poeticus
279 1284 339 1316 sed
371 1284 456 1316 adeo
489 1286 606 1316 auctus
641 1285 783 1317 saeculis
817 1284 933 1325 quinto
968 1287 1001 1318 et
1035 1287 1130 1317 sexto
1160 1295 1198 1317 ac
1227 1286 1405 1326 praecipue
1438 1286 1624 1327 imperante
1652 1289 1685 1318 et
1714 1287 1860 1318 nominis

92 1335 210 1368 Graeci
233 1335 374 1376 gloriam
396 1337 538 1376 augente
560 1336 744 1368 Iustiniano
766 1336 1029 1369 versificatorum
1052 1336 1290 1369 Graeculorum
1318 1347 1374 1369 ars
1400 1341 1534 1378 praeter
1555 1338 1691 1370 modum
1715 1338 1860 1370 luxuria-

94 1387 162 1420 bat.
206 1386 295 1427 Quin
323 1387 423 1420 etiam
451 1387 584 1420 saeculo
614 1388 756 1429 septimo
786 1388 921 1420 ineunte
954 1389 1078 1420 multae
1108 1389 1205 1421 huius
1234 1390 1460 1422 abundantiae
1493 1392 1752 1430 permanserunt
1786 1390 1862 1422 reli—

94 1438 200 1480 quiae.
250 1438 316 1471 Nec
348 1448 428 1470 vero
463 1449 581 1471 omnes
609 1439 823 1480 antiquorum
850 1442 1026 1480 poetarum
1058 1440 1232 1481 rhythmos
1268 1441 1429 1473 imitando
1460 1442 1646 1482 exprimere
1678 1442 1750 1473 ausi
1784 1445 1861 1473 sunt

95 1489 279 1532 Byzantini,
308 1490 368 1522 sed
391 1492 547 1531 quattuor
572 1490 785 1532 potissimum
813 1493 920 1523 metra
942 1501 983 1524 ex
1012 1492 1136 1532 ingenti
1162 1493 1258 1533 copia
1286 1493 1467 1533 elegerunt,
1497 1493 1530 1524 in
1561 1493 1680 1534 quibus
1704 1493 1860 1525 limandis

95 1543 129 1574 et
154 1541 382 1583 pei-poliendis
411 1551 549 1583 operam
577 1543 796 1575 collocarent:
820 1543 1050 1575 hexametrum
1078 1544 1229 1583 heroum,
1258 1544 1427 1576 distichon
1456 1545 1646 1585 elegiacum,
1674 1545 1859 1577 trimetrum

96 1593 286 1633 iambicum,
308 1593 508 1626 versiculum
530 1596 800 1627 anacreonteum.
844 1595 957 1635 Itaque
980 1594 1104 1627 factum
1127 1597 1188 1634 est,
1216 1597 1252 1627 ut
1275 1596 1372 1636 longe
1395 1596 1527 1637 plurimi
1552 1606 1666 1628 eorum
1696 1606 1861 1636 gramma—

95 1644 247 1684 ticorum,
271 1644 326 1686 qui
349 1644 427 1676 inde
449 1645 661 1686 potissimum
684 1655 704 1678 a
727 1646 860 1678 saeculo
883 1648 978 1678 sexto
1001 1649 1143 1679 exeunte
1166 1647 1404 1688 discipulorum
1427 1648 1684 1689 Byzantinorum
1708 1648 1741 1679 in
1764 1657 1873 1679 usum·

96 1695 227 1728 libellos
257 1696 298 1728 de
327 1706 363 1728 re
390 1696 529 1729 metrica
558 1699 828 1738 composuerunt,
857 1697 940 1729 haec
968 1700 1124 1739 quattuor
1146 1700 1253 1730 metra
1275 1699 1348 1730 sola
1375 1702 1591 1740 exponerent.
1647 1699 1720 1737 Quo
1749 1701 1859 1731 autem

95 1747 207 1780 minor
228 1749 300 1780 erat
321 1749 504 1780 metrorum
517 1748 672 1787 varietas,
695 1758 735 1780 eo
758 1748 949 1789 diligentius
972 1751 1071 1790 atque
1095 1750 1280 1790 religiosius
1304 1751 1508 1791 excogitatas
1538 1751 1627 1791 leges
1651 1750 1684 1782 in
1708 1751 1859 1782 versibus

97 1799 282 1840 pangendis
313 1800 536 1840 sequebantur
563 1800 594 1832 ei
621 1802 750 1840 poetae,
784 1810 925 1842 quorum
951 1801 1132 1833 auctoritas
1161 1802 1280 1833 ceteris
1313 1802 1506 1842 praestabat
1532 1802 1620 1842 apud
1649 1802 1861 1843 Byzantinos,

97 1850 154 1883 Sic
176 1850 262 1883 mira
285 1850 340 1883 illa
363 1851 553 1883 constantia
575 1851 772 1892 explicanda
795 1854 855 1891 est,
879 1862 977 1893 quam
1001 1852 1035 1884 in
1058 1862 1173 1884 eorum
1197 1852 1366 1894 epicorum
1395 1853 1645 1885 hexametris
1674 1853 1861 1894 deprehen-

98 1901 219 1942 dimus,
241 1911 326 1943 quos
349 1899 456 1934 Nonni
479 1903 713 1944 Panopolitani
741 1903 888 1935 asseclas
911 1904 1079 1944 appellare
1102 1905 1352 1941 consuevimus;
1381 1905 1429 1936 sic
1459 1905 1598 1936 subtiles
1626 1905 1701 1936 illac
1730 1905 1862 1945 regulae

0 1974 3 1976 -
51 1994 53 1998 ι
97 1955 196 1986 natae
227 1955 314 1993 sunt,
343 1963 424 1995 quas
452 1953 487 1986 in
514 1954 800 1986 anacreonteis
829 1955 990 1995 fingendis
1019 1956 1244 1988 observabant
1271 1966 1345 1987 curn
1373 1956 1430 1987 alii
1457 1958 1527 1988 tum
1550 1956 1691 1987 Ioannes
1714 1956 1861 1988 Gazaeus

98 2006 132 2037 et
153 2005 314 2046 Georgius
337 2005 590 2045 Grammaticus,
619 2016 703 2047 quos
727 2006 860 2038 saeculo
889 2006 1005 2047 quinto
1029 2009 1170 2040 exeunte
1193 2010 1226 2039 et
1254 2008 1389 2039 ineunte
1418 2010 1512 2039 sexto
1541 2007 1694 2039 floruisse
1720 2010 1861 2039 constat.

98 2056 165 2089 Nec
198 2057 338 2096 minore,
372 2057 400 2089 si
429 2057 508 2098 quid
536 2057 644 2097 video,
673 2067 752 2090 cura
779 2058 920 2090 saeculis
944 2058 1060 2099 quinto
1095 2061 1128 2091 et
1156 2061 1251 2091 sexto
1279 2059 1405 2100 aliquot
1438 2058 1667 2099 iambographi
1690 2058 1861 2099 Byzantini

100 2108 314 2140 iambicum
335 2108 566 2141 trimetrum
588 2119 656 2142 non
679 2111 809 2141 tantum
831 2109 874 2141 ad
897 2119 1016 2142 aureae
1038 2110 1152 2151 poesis
1172 2110 1302 2142 Atticae
1325 2120 1478 2142 normam
1501 2119 1656 2141 revocare
1680 2109 1738 2141 sed
1762 2110 1861 2141 etiam

100 2169 258 2201 superare
284 2159 414 2192 Atticos
443 2160 555 2192 conati
584 2163 672 2200 sunt,
705 2170 780 2192 cum
809 2160 842 2192 in
871 2160 1051 2202 trisyllabis
1080 2161 1213 2203 quidem
1246 2161 1387 2202 pedibus
1421 2161 1636 2203 (anapaestis,
1674 2160 1863 2198 tribrachis,

100 2210 251 2252 dactylis)
275 2220 350 2244 cum
371 2211 542 2253 disyllabis
569 2212 750 2244 miscendis
772 2211 965 2252 Euripidem
991 2212 1042 2244 vel
1061 2213 1279 2245 Menandrum
1305 2213 1602 2253 Philemonemque
1627 2212 1863 2253 adaequarent,

100 2262 135 2294 in
155 2272 370 2294 caesurarum
392 2264 502 2295 autem
524 2273 587 2295 usu
610 2263 798 2295 cohibendo
826 2265 920 2295 tanto
945 2264 1129 2296 severiores
1159 2266 1273 2296 essent
1302 2264 1375 2302 illiS,
1398 2266 1522 2304 quanto
1546 2263 1684 2295 Nonnus
1707 2263 1864 2295 Homero.

98 2313 230 2346 Nullam
252 2313 351 2354 igitur
365 2313 572 2347 admiserunt
593 2324 765 2347 caesuram
786 2317 920 2355 praeter
942 2315 1214 2357 semiquinariam
1230 2318 1262 2348 et
1279 2315 1587 2356 semiseptenariam
1595 2314 1629 2356 ²).
1673 2314 1738 2346 Nec
1755 2314 1863 2356 vero')

254 2399 273 2434 ¹)
293 2399 373 2432 Quod
391 2399 479 2426 sicubi
495 2399 536 2431 fit,
558 2399 630 2427 solet
647 2400 769 2427 trimeter
787 2402 850 2434 post
867 2402 973 2426 sextam
996 2401 1078 2427 incidi
1097 2401 1243 2435 syllabam
1263 2402 1296 2428 cs.
1316 2409 1338 2427 e.
1358 2410 1383 2434 g.
1403 2401 1502 2427 Christi
1522 2400 1652 2426 Patientis
1671 2408 1775 2431 versuti,
1793 2408 1863 2434 quos

103 2445 299 2471 commemorat
315 2443 428 2477 Hilberg
446 2443 475 2470 in
488 2441 611 2470 ‘Wiener
629 2440 749 2470 Studien'
769 2443 830 2470 vm
849 2452 874 2477 p.
892 2444 945 2469 290
962 2451 1036 2471 num.
1057 2445 1096 2471 10.

251 2486 273 2521 ')
293 2487 332 2513 Cf.
352 2494 374 2514 e.
394 2495 418 2520 g.
437 2486 544 2513 Heliam
561 2487 725 2514 Monachum
743 2487 771 2514 in
788 2487 891 2514 Anecd.
910 2487 971 2514 Var.
989 2487 1001 2514 1
1021 2496 1046 2522 p.
1066 2489 1123 2519 171,
1142 2496 1200 2522 cap.
1219 2488 1230 2514 1
1249 2487 1266 2521 5
1284 2488 1308 2514 6.

253 2530 274 2565 ¹)
294 2530 333 2557 Cf.
352 2538 375 2557 e.
394 2538 419 2563 g.
434 2528 557 2556 'Scholia
574 2530 797 2564 Hephaestionea
814 2527 844 2557 B'
863 2539 889 2564 p.
909 2531 949 2562 18,
967 2531 1002 2557 24
1019 2539 1080 2565 sqq.
1099 2531 1140 2558 ed.
1159 2531 1394 2558 Hoerschelmann
1411 2530 1534 2564 (Dorpau'
1555 2531 1640 2563 ¹882).

1663 2578 1699 2607 20
