2138 2748
602 235 637 261 A.
658 232 806 260 GELLII
819 231 900 260 LIB.
919 231 944 260 Ῑ.
965 231 1132 259 CAR-XX.
1151 231 1235 259 XXI.
1255 231 1358 259 XXII.
1826 232 1863 264 15

90 332 196 356 manae
218 323 357 362 vestigia.
391 322 481 352 lectio
504 322 573 360 ipsa
596 321 748 352 Germana
779 321 811 350 in
842 319 920 350 libro
949 319 1126 350 Buslidiano
1148 320 1276 358 mansit3
1308 321 1339 349 in
1371 319 1543 350 carminibus
1572 318 1697 350 Lam-etii
1723 321 1863 350 {mentum

89 370 138 397 eut.
174 375 225 397 nec.
246 368 415 405 aspernatus
438 368 478 394 est
499 365 693 395 auctoritatem
710 366 822 402 poetae.

239 416 403 446 auctoritate
421 415 544 454 poetae]
587 415 668 444 mala
689 422 795 444 manus
819 421 898 452 quae
920 413 1078 451 superiora
1100 416 1276 451 corruperat
1298 413 1345 442 bis
1368 413 1458 443 etiam
1481 414 1708 452 corrumpendis
1730 414 1864 444 occasio-

87 468 157 490 nem
185 459 279 490 dedit.
321 458 441 489 omuino
471 458 550 488 enim
578 466 706 487 neeesse
739 459 804 487 erat
834 458 868 486 vt
890 456 1081 494 scriberetur,
1110 456 1284 494 auctoritate,
1315 465 1371 485 non
1394 456 1462 494 [leg.
1485 455 1568 495 non],
1597 455 1810 497 auctolritatem,
1839 457 1865 486 si
1883 463 1909 489 p.
1929 456 1964 482 99

88 504 203 533 rectum
225 503 306 540 erat3
338 502 368 530 in
400 500 525 531 Lucretii
547 499 718 530 carminibus
739 500 882 529 inuentum
903 507 961 528 non
988 501 1158 537 aspernatus
1186 502 1235 527 est.
1274 498 1419 528 volebant
1452 499 1511 537 illi,
1546 500 1720 538 auctoritate,
1753 500 1865 538 valere,

87 545 216 584 proinde
239 544 326 583 quasi
350 544 482 582 diceres3
511 547 632 582 propter
659 543 861 572 auctoritatem.
899 543 931 571 at
959 543 1063 571 contra
1084 541 1214 579 Higinus
1237 541 1357 570 dicebat
1378 542 1545 580 Virgilium,
1578 551 1705 580 amaror,
1738 543 1768 572 in
1801 551 1864 572 car-

87 588 218 618 minibus
239 587 373 617 Lucretii
394 586 559 624 inuenisse,
582 594 638 615 nec
661 594 731 615 esse
753 586 945 623 aspernatum
961 584 1170 614 auctoritatem
1192 584 1267 612 tanti
1289 586 1410 621 poetae.
1453 584 1500 614 An
1523 587 1622 614 autem
1646 586 1688 614 ita
1710 585 1866 623 scripserit

86 630 240 669 Virgilius,
264 629 347 668 quod
368 629 537 659 Fauorinus
561 628 586 658 ἀ
608 629 736 667 Higinus
758 628 864 658 volunt
886 629 950 666 atq3
979 626 1057 657 adeo
1080 626 1147 665 ipse
1170 626 1294 656 Seruius
1316 627 1370 663 (ita
1399 626 1477 656 enim
1499 629 1586 656 notat
1609 627 1658 666 [ad
1679 628 1699 658 l.
1723 628 1811 666 Verg.
1836 637 1863 658 a.

88 672 125 704 G.
148 673 169 704 l.
191 672 229 703 G.
251 673 282 702 11
305 672 391 710 2471:
415 681 542 703 amaror.
578 670 749 702 amaritudo.
781 673 807 699 et
828 673 868 699 est
888 679 981 699 sermo
1003 670 1136 707 Lucretii,
1159 672 1185 698 et
1205 678 1275 698 vera
1297 669 1376 699 tectio
1398 669 1464 707 ipsa
1486 673 1535 698 est.
1570 679 1638 698 nam
1665 670 1743 699 multi
1763 680 1864 700 amaro

87 715 189 755 tegunt,
211 718 239 745 ot
260 716 304 753 sit,
327 723 413 744 sensu
435 715 560 751 amaro.)
597 714 756 744 etiamnum
779 713 811 742 in
833 712 926 743 dubio
949 715 1006 743 est.
1040 722 1108 742 nam
1130 712 1249 742 Pierius
1272 712 1465 742 doctissimus
1487 711 1513 741 ἃ
1533 712 1779 750 religiosissimus
1801 722 1863 743 eor-

88 760 190 789 reetor
211 757 397 796 virgilianus
419 758 450 787 in
473 757 595 796 optimis
618 756 784 795 codicibus,
807 765 918 794 amaro,
943 758 1072 794 exstare,
1097 754 1123 784 ἀ
1144 755 1175 784 in
1198 755 1266 784 aliis
1288 755 1338 792 r(,)
1362 755 1456 784 altera
1477 763 1566 785 manu
1582 755 1677 785 fuisse
1692 756 1864 794 appositum

86 801 246 840 diligenter
266 801 390 831 monuit.

239 851 382 891 dilutaque
405 851 522 890 contra]
568 851 645 880 alter
679 858 786 880 versus
820 858 887 879 cum
908 849 1008 879 medio
1031 849 1063 879 in
1085 848 1266 879 membranis
1289 857 1351 878 non
1374 850 1453 887 sunt,
1487 857 1589 887 neque
1616 848 1676 879 huc
1703 849 1864 887 pertinent.
1882 855 1897 884 5
1915 853 1933 878 6

85 893 118 925 in
141 894 272 933 quodam
294 894 423 924 Puteani
445 896 508 932 est3
532 893 688 932 delataque.

238 944 309 975 Cum
330 946 453 983 teimau]
497 944 692 974 Buslidianus
714 944 807 981 liber,
831 941 1004 974 Gontm'mur.
1039 942 1112 973 fecit
1133 942 1271 972 nimirum
1293 942 1443 980 ignoratio
1466 943 1561 981 verbi,
1589 946 1662 981 tuor,
1690 942 1867 981 simpliciter

85 988 204 1027 accepti
237 990 271 1018 vt
305 989 370 1018 eius
393 988 585 1026 compositio,
621 995 699 1024 quae
727 986 827 1016 notior
855 988 928 1025 erat,
962 986 1059 1024 ipsius
1085 986 1185 1015 locum
1214 987 1384 1023 occuparet.
1423 985 1532 1023 Itaque
1556 984 1582 1014 ἀ
1603 985 1634 1015 in
1656 994 1716 1015 vno
1738 985 1867 1015 Puteani

86 1033 149 1070 est,
172 1031 355 1061 connitimur:
378 1030 403 1060 ἀ
425 1031 456 1060 in
478 1031 555 1068 ali03
578 1030 781 1060 committimur.

236 1081 324 1111 verba
346 1081 458 1120 autem]
503 1084 594 1110 autem
617 1081 705 1110 abest
727 1081 746 1109 o.
769 1078 948 1117 quibusdam
978 1079 1175 1117 membranis,
1208 1078 1233 1108 ἀ
1266 1079 1306 1108 ab
1340 1078 1424 1116 aliis3
1453 1087 1557 1118 prope.
1601 1079 1647 1109 De
1680 1079 1739 1109 hoc
1766 1079 1865 1118 capite

85 1123 157 1154 vide
179 1123 331 1163 Antiquas
352 1126 473 1154 nostras
495 1123 707 1154 commentario
729 1122 818 1152 tertio
842 1122 941 1160 capite
962 1122 1030 1151 XII.

699 1223 835 1258 LIBRO
857 1221 998 1258 PRIMO
1021 1221 1116 1257 GAP.
1138 1221 1247 1257 XXII.

241 1285 422 1315 Irroborauit
443 1285 683 1324 inveteravitque]
727 1285 812 1324 prius
834 1284 910 1314 illud
931 1285 1056 1314 verbum
1077 1293 1139 1314 non
1160 1286 1273 1313 temere
1296 1283 1368 1313 alibi
1383 1284 1528 1322 reperies.
1562 1284 1714 1321 posterius
1729 1284 1867 1315 omnibus
1884 1293 1899 1323 ς
1921 1292 1931 1317 1

86 1328 201 1368 passim
225 1330 273 1359 est
294 1329 325 1358 in
347 1337 418 1358 vsu:
443 1329 501 1358 etsi
523 1329 682 1358 inueterare
704 1328 735 1357 in
757 1328 795 1357 iis
818 1327 882 1357 fere
903 1327 1005 1357 verbis
1026 1327 1158 1365 ponitur,
1188 1335 1268 1364 quae
1290 1329 1387 1356 actum
1411 1327 1566 1357 denotant.
1601 1326 1767 1357 Columella
1788 1328 1866 1357 libro

86 1371 215 1410 septimo
240 1371 339 1410 [immo
363 1373 449 1401 sexto
473 1380 498 1401 c.
523 1371 590 1409 321:
613 1370 672 1409 sed,
695 1371 720 1400 si
742 1369 856 1400 morbus
878 1370 937 1399 iam
958 1370 1134 1408 inueterauit,
1158 1369 1406 1399 vehementioribus
1429 1373 1468 1398 est
1491 1378 1563 1408 opus
1583 1369 1724 1400 remediis.
1759 1369 1865 1400 Cicero

85 1423 140 1453 pro
163 1414 247 1444 Sulla
270 1414 299 1453 [ξ
324 1414 384 1452 24].
428 1413 466 1443 Ac
487 1415 512 1443 si
533 1413 582 1443 tibi
604 1423 655 1443 nos
673 1414 820 1452 pereyrini
841 1413 978 1450 uidemur,
1002 1421 1121 1452 quorum
1143 1413 1201 1441 iam
1224 1415 1249 1441 et
1270 1421 1372 1442 nomen
1393 1415 1418 1441 et
1439 1412 1528 1442 honos
1555 1413 1721 1441 inueterauit
1750 1416 1774 1442 et
1801 1413 1865 1442 huic

87 1456 158 1496 urbi,
182 1459 207 1486 et
228 1457 370 1486 hominum
385 1457 489 1495 famae
512 1466 547 1486 ac
569 1455 761 1486 sermonibus:
784 1465 869 1495 quam
891 1455 941 1485 tibi
962 1456 1025 1484 illos
1048 1456 1239 1494 competitores
1267 1458 1329 1484 tuos
1354 1456 1522 1494 pereyrinos
1550 1454 1642 1484 videri
1668 1464 1782 1484 necesse
1803 1456 1864 1490 erit,

89 1500 137 1538 φη·
158 1500 216 1529 iam
239 1509 275 1529 ea:
297 1502 354 1529 tota
376 1499 462 1529 Italia
484 1499 575 1528 dilecti
596 1502 695 1537 tecum,
719 1499 753 1528 de
774 1499 889 1536 honore,
913 1502 937 1527 et
960 1498 994 1527 de
1017 1499 1092 1527 omni
1114 1498 1247 1536 diym'tute
1270 1497 1454 1527 contendunt?
1474 1497 1549 1526 idem
1563 1497 1688 1527 secunda
1703 1499 1733 1527 in
1753 1497 1864 1528 Verrem

89 1542 157 1581 [aet.
187 1542 252 1573 soil.
282 1543 296 1572 1
319 1542 338 1581 ξ
370 1542 407 1581 1].
447 1542 619 1571 Inneteranit
647 1543 719 1571 enim
747 1542 805 1570 iam
828 1542 923 1580 opinio
946 1541 1111 1580 perniciosa
1143 1542 1214 1579 reip.
1244 1540 1378 1579 vobisque
1402 1540 1575 1579 periculosa,
1609 1550 1683 1579 quae
1704 1550 1761 1570 non
1781 1541 1865 1571 modo

85 1584 207 1624 Romae,
236 1585 287 1614 sed
319 1588 343 1614 et
371 1585 451 1623 apud
472 1588 584 1614 exteras
606 1585 742 1622 nationes,
777 1585 900 1614 omnium
932 1593 1060 1613 sermone
1089 1583 1258 1622 percrebuit,
1292 1583 1336 1612 his
1369 1583 1490 1620 indiciis,
1524 1592 1597 1622 quae
1624 1593 1698 1613 nunc
1725 1584 1789 1622 sint,
1814 1593 1863 1622 pe-

86 1628 231 1658 comosum
252 1627 401 1666 hominem,
424 1628 555 1667 quamuis
576 1628 612 1656 sit
633 1636 746 1665 nocens,
768 1628 904 1656 neminem
925 1636 1010 1666 posse
1032 1626 1164 1656 iudicari.
1182 1625 1186 1666 Ι

240 1679 408 1718 εἰρηῄᾒοαιίο
431 1678 507 1718 quod
528 1678 648 1717 dicitur-,1
694 1678 810 1708 correxi
832 1687 869 1707 ex
892 1678 1010 1708 duobus
1032 1678 1118 1708 libris
1140 1678 1369 1715 manuscriptis3
1392 1678 1452 1706 eius
1466 1677 1543 1716 quod
1557 1676 1667 1706 dicitur.
1690 1678 1721 1706 in
1737 1686 1863 1715 quorum
1881 1688 1907 1714 p.
1930 1681 1978 1707 100

85 1721 180 1751 altero
205 1722 294 1751 etiam
317 1724 397 1760 erat3
430 1721 506 1761 quod
537 1721 684 1751 dicendum
707 1724 756 1760 est,
779 1729 850 1759 non,
883 1731 945 1750 cum
973 1720 1121 1750 dicendum
1143 1724 1193 1750 est.
1228 1720 1283 1750 sed
1311 1721 1395 1758 prius
1422 1720 1512 1749 malo.
1553 1719 1659 1758 Gellii,
1693 1723 1798 1749 eontra
1820 1721 1861 1750 in-

86 1765 259 1802 eptissimas
282 1765 425 1803 Spicilegi
446 1765 620 1795 Ralumnias
644 1765 711 1802 [leg.
727 1764 927 1803 KalumniasJ,
951 1764 1124 1802 opinionem
1146 1764 1178 1793 in
1199 1763 1469 1793 Emendationibus
1490 1763 1567 1792 libro
1591 1762 1707 1799 sexto*)
1730 1763 1862 1793 defendi.

84 1816 163 1846 nam,
187 1807 269 1845 quod
290 1808 341 1837 ille
364 1807 540 1846 [Menander
561 1816 591 1845 q.
615 1806 684 1845 11⁸]
707 1815 778 1836 vere
801 1807 844 1836 ait

286 1856 316 1889 H
338 1857 387 1889 δεῖ
406 1857 508 1900 σιωπᾷ
530 1859 629 1897 [immo
652 1856 779 1896 σιωπᾶν]
807 1855 829 1898 ἦ
852 1855 953 1898 λέγειν
975 1852 1129 1898 ἀμείνονα.

233 1909 316 1949 plebe
337 1910 488 1949 vul-quma]
534 1909 655 1948 quidam
676 1909 754 1939 liber
775 1909 891 1939 calamo
914 1910 1069 1948 exaratus3
1091 1908 1216 1947 vulgare,
1241 1908 1295 1938 sed
1324 1907 1400 1937 illud
1427 1907 1523 1946 magis
1553 1910 1600 1937 est
1628 1908 1645 1936 e
1674 1907 1765 1937 Gellii
1793 1916 1862 1937 con·
1881 1907 1896 1941 ς)
1915 1907 1931 1933 Ξ

88 1951 256 1983 suetudine.
303 1952 386 1990 quod
418 1953 513 1982 semel
543 1952 724 1982 monendum
759 1954 815 1990 est,
843 1960 882 1981 ne
914 1951 1035 1989 saepius
1069 1960 1210 1990 cogamur
1236 1953 1386 1991 repetere.
1427 1951 1471 1980 sic
1495 1949 1521 1979 &
1543 1950 1701 1988 sinqularia
1723 1950 1864 1980 formauit

85 1995 162 2025 libro
186 2004 266 2025 nono
290 1995 388 2034 capite
413 1998 519 2034 quarto
543 1995 573 2034 [ξ
597 1995 636 2034 61.
681 1995 754 2025 ate'os
781 1996 844 2024 item
873 2003 934 2023 esse
961 1994 1085 2023 homines
1113 1994 1193 2033 opud
1219 1993 1336 2022 eandem
1365 1993 1436 2022 caeti
1453 1993 1573 2032 ptayum
1595 1993 1769 2031 sinquturiae
1790 1993 1862 2022 veto-

87 2038 177 2067 citatis
198 2038 315 2078 vestigio
333 2038 439 2077 pedum
468 2037 600 2067 babentes
621 2041 696 2067 retro
719 2040 872 2077 porrecta:
899 2039 932 2066 vt
954 2037 1030 2066 dixit
1050 2037 1176 2066 Plautus
1204 2036 1341 2074 Captiuis
1370 2036 1394 2074 [Ι
1418 2036 1446 2075 2,
1471 2036 1488 2064 3
1511 2045 1541 2066 v.
1567 2036 1624 2064 112
1648 2034 1723 2074 FL];
1750 2036 1794 2065 bis
1821 2036 1862 2064 in·

88 2080 144 2110 dito
167 2083 282 2110 eotenus
303 2081 485 2120 stnqntorias.
511 2080 536 2110 ἀ
558 2081 712 2119 Turpilius
734 2080 888 2110 Demetrio
912 2079 958 2118 [fr.
981 2079 1009 2109 X
1030 2089 1060 2118 p.
1085 2080 1124 2109 88
1147 2077 1217 2118 R’J:

291 2130 382 2162 Homo
405 2133 488 2162 onice
510 2135 550 2162 est
571 2135 675 2162 natura
697 2142 733 2162 ao
755 2131 923 2170 sinyularia.

87 2183 229 2221 idemque
250 2182 459 2221 Thrasyleone
482 2183 531 2221 [fr.
554 2183 596 2213 VI
617 2192 647 2222 p.
675 2183 733 2212 110
756 2181 826 2221 ΒἺε
863 2182 930 2212 Non
955 2185 996 2212 est
1022 2181 1172 2212 mediocris
1199 2190 1245 2211 res
1273 2191 1362 2220 neque
1382 2181 1507 2219 fallacia
1535 2180 1676 2220 vulqus-ia.
1718 2179 1862 2210 Afranius

87 2226 229 2264 Priuigno
253 2225 300 2264 [fr.
322 2225 379 2255 XV
400 2235 432 2265 p.
458 2227 515 2255 198
538 2225 608 2265 R²]:

291 2276 400 2307 Dehinc
421 2278 601 2307 temeritatem
621 2277 740 2317 repudio
762 2276 932 2315 oulqoriam.

240 2430 264 2480 τ’)
282 2430 520 2471 Observationum
538 2432 568 2471 et
586 2429 812 2457 emendationum
830 2428 977 2470 Can-iouis
994 2428 1051 2456 duo
1069 2430 1179 2455 tantum
1198 2427 1262 2455 libri
1281 2427 1349 2454 editi
1368 2429 1441 2454 sunt.

227 2465 242 2482 '¹
261 2467 270 2499 )
288 2473 316 2492 v.
336 2465 399 2492 adu.
419 2464 551 2492 Meinekii
569 2464 606 2492 ad
623 2465 695 2492 Men.
713 2466 835 2492 monost.
853 2472 880 2491 v.
900 2464 949 2490 221
969 2471 997 2490 in
1016 2466 1136 2498 utraque
1155 2461 1227 2491 FCG
1247 2462 1289 2489 ed.
