2138 2748
0 943 6 1126 ἑ

0 1299 4 1466 i

883 267 1004 315 *35
1048 313 1075 315 γ-

387 426 548 470 ORDO
581 424 1028 469 THEOLOGORUM
1059 425 1578 469 EVANGELICORUM.

245 573 532 606 HERMANNUS
556 571 882 608 WEINGARTEN‚
907 571 965 604 Dr.
978 573 1013 603 P.
1028 571 1062 604 P.
1077 570 1117 603 Ο.
1135 570 1166 604 h.
1183 576 1205 603 t.
1224 570 1304 603 Dec.
1351 570 1521 603 Publice
1546 571 1569 603 1.
1615 572 1867 604 Exercitationes

92 626 136 660 ad
168 626 333 672 historiam
367 626 516 658 ecclesiae
550 625 745 666 pertinentes
768 625 801 655 in
833 623 1006 655 seminario
1039 624 1126 663 reqio
1170 622 1399 654 moderabitur
1433 622 1463 654 d.
1488 622 1586 654 Mart.
1616 622 1647 655 h.
1678 622 1706 653 V
1742 627 1775 654 et
1810 622 1866 655 Vl.

91 675 290 710 Privatim
318 676 358 709 ΙΙ.
407 677 580 709 Historiam
610 676 759 708 ecclesiae
786 675 882 706 medii
909 675 979 705 aevi
1001 673 1112 705 tradet
1135 673 1167 707 (Ι.
1190 673 1274 707 Lun.
1298 673 1396 707 Mart.
1420 674 1523 706 Mero.
1547 674 1616 706 lov.
1644 674 1726 707 Ven.
1750 673 1782 706 h.
1807 673 1866 706 XI.

93 726 150 761 111.
196 727 372 760 Historiam
395 727 566 768 theoloyiae
595 727 668 758 inde
691 726 729 758 ab
759 729 890 758 exeunte
916 726 1042 757 saecuto
1071 726 1104 756 X
1110 725 1185 757 V111
1208 735 1307 767 usque
1337 726 1380 757 ad
1401 729 1511 757 nostra
1535 729 1676 767 tempora
1700 725 1868 757 enarrabit

93 778 126 814 d.
149 778 248 818 Mart.
270 779 341 811 Iov.
365 777 450 811 Ven.
474 777 507 810 h.
532 777 607 810 XII.

243 837 394 870 IULIUS
428 835 756 869 FERDINANDUS
779 835 1029 875 RAEBIGER,
1061 835 1117 867 Dr.
1142 836 1176 867 P.
1201 835 1235 868 P.
1261 836 1302 868 O.
1359 836 1529 868 Publice
1552 836 1576 868 Ι.
1614 837 1867 868 Exercitationes

91 890 128 923 in
154 889 218 923 Vet.
243 889 324 922 Test.
340 889 577 931 interpretando
601 889 635 920 in
657 888 830 920 seminario
852 888 939 927 re9io
956 887 1185 919 moderabitur
1208 886 1240 920 d.
1264 887 1333 918 Sat.
1355 887 1386 919 h.
1410 887 1458 919 IX
1483 892 1516 919 et
1532 886 1575 920 X.
1620 887 1811 919 Privatim
1826 887 1867 919 11.

91 941 273 983 Epistulam
299 941 342 972 ad
370 939 532 972 Hebraeos
562 940 668 971 datam
696 938 972 980 interpretabitur
1001 938 1033 971 d.
1066 939 1147 971 Lun.
1171 939 1269 971 Mart.
1293 940 1364 971 Iov.
1388 939 1446 972 lx.
1489 939 1546 972 111.
1570 939 1693 971 lesaiae
1715 939 1865 970 vaticinia

90 991 366 1034 interpretabitur
390 990 421 1023 d.
448 990 532 1024 Lun.
556 990 654 1023 Mart.
678 990 780 1021 Merc.
803 991 874 1022 Iov.
904 989 987 1022 Veu.
1010 989 1041 1022 h.
1067 990 1110 1022 X.

244 1049 494 1084 EDUARDUS
522 1049 690 1086 MEUSS‚
724 1049 782 1081 Dr.
811 1049 846 1082 P.
876 1049 910 1080 P.
943 1048 981 1081 O.
1045 1049 1218 1081 Publice
1250 1050 1276 1081 1.
1321 1050 1574 1082 Exercitationes
1607 1050 1800 1082 homileticas
1831 1050 1867 1081 in

92 1103 265 1136 seminario
297 1102 442 1143 practico
476 1101 706 1133 moderabitur
741 1100 772 1132 d.
804 1100 887 1132 Lun.
916 1100 950 1133 h.
985 1100 1030 1132 111
1067 1106 1100 1132 et
1132 1100 1191 1132 IV.
1237 1100 1276 1133 11.
1322 1101 1573 1133 Exercitationes
1606 1101 1650 1132 ad
1682 1100 1867 1141 theologiam

92 1154 324 1195 systematicam
352 1156 530 1195 spectantes
557 1153 592 1184 in
612 1153 784 1184 seminario
807 1153 894 1192 reyio
918 1151 1147 1183 moderabitur
1170 1152 1202 1183 d.
1230 1153 1303 1184 Iov.
1326 1150 1359 1184 h.
1387 1151 1420 1182 V
1439 1155 1472 1183 et
1491 1151 1547 1184 VI.
1592 1151 1790 1183 Privatim
1809 1151 1866 1183 111.

94 1205 279 1246 neoloyiae
302 1204 497 1245 doymaticae
515 1206 641 1245 partem
664 1203 793 1235 alteram
816 1202 928 1234 tradet
951 1202 983 1235 d.
1006 1203 1090 1235 Lun.
1114 1203 1211 1234 Mart.
1231 1204 1302 1235 Iov.
1326 1202 1410 1234 Veu.
1435 1202 1504 1235 Sat.
1527 1202 1560 1233 h.
1580 1202 1639 1235 XI.
1683 1202 1742 1235 IV.
1765 1204 1865 1243 Ency-

91 1257 287 1299 clopaediam
315 1255 487 1296 theoloyiae
510 1254 648 1286 docebit
676 1253 707 1286 d.
733 1254 829 1286 Mart.
854 1253 923 1286 Iov.
949 1254 1018 1287 Sat.
1043 1253 1074 1285 h.
1100 1254 1173 1286 XII.

243 1313 506 1346 LUDOVICUS
542 1313 687 1350 HAHN,
723 1312 780 1347 Dr.
816 1309 851 1344 P.
886 1312 921 1344 P.
957 1313 998 1346 Ο.
1044 1313 1218 1345 Publice
1247 1314 1269 1345 1.
1320 1314 1571 1346 Eoeercitationes
1605 1315 1638 1345 in
1671 1314 1751 1346 Nov.
1785 1315 1865 1346 Teet.

92 1366 328 1408 interpretando
373 1366 408 1397 in
447 1365 619 1397 seminario
656 1365 744 1406 reyio
784 1363 1013 1396 moderabitur
1052 1364 1084 1397 d.
1126 1364 1228 1398 Merc.
1267 1365 1300 1397 h.
1341 1364 1373 1395 V
1409 1369 1443 1396 et
1482 1363 1540 1397 Vl.
1592 1364 1788 1396 Privatim
1826 1364 1865 1396 11.

97 1417 198 1450 Vitam
225 1417 299 1450 Iesu
329 1416 449 1449 Christi
481 1417 654 1448 secundam
687 1418 835 1457 quattuor
863 1416 1027 1456 evanyelia
1054 1416 1224 1447 enarrabit
1252 1415 1284 1448 d.
1314 1416 1396 1448 Lun.
1427 1415 1525 1447 Mart.
1555 1415 1657 1447 Merc.
1685 1416 1755 1447 Iov.
1780 1414 1864 1446 Ven.

92 1469 125 1502 h.
148 1467 208 1502 IX.
251 1469 309 1501 111.
332 1468 541 1509 Emnyelium
563 1468 695 1500 Ioannis
718 1466 993 1509 interpretabitur
1017 1466 1048 1499 d.
1071 1467 1154 1499 Lun.
1179 1467 1276 1499 Mart.
1301 1467 1404 1498 Mero.
1427 1467 1497 1498 Iov.
1523 1465 1606 1498 Ven.
1632 1466 1663 1498 h.
1689 1465 1731 1498 X.

243 1527 628 1561 CHRISTOPHORUS
652 1526 941 1558 HERMANNUS
965 1525 1182 1567 SCHMIDT,
1207 1526 1262 1557 Dr.
1288 1525 1322 1557 P.
1340 1525 1373 1556 P.
1400 1524 1439 1557 O.
1478 1524 1648 1556 Publice
1673 1524 1695 1556 I.
1734 1526 1864 1558 Exerci-

92 1581 227 1613 tationes
255 1579 459 1612 catecheticas
486 1580 521 1610 in
547 1579 719 1610 seminario
745 1578 888 1619 practico
918 1577 1148 1608 moderabitur
1171 1576 1202 1608 d.
1230 1577 1312 1608 Ven.
1338 1576 1367 1607 h.
1390 1575 1438 1608 1V
1463 1581 1495 1607 et
1521 1575 1560 1607 V.
1606 1575 1801 1607 Privatim
1826 1575 1864 1608 II.

92 1631 272 1673 Epistulam
305 1630 400 1662 Pauli
428 1631 470 1662 ad
497 1631 659 1662 Romanos
682 1629 789 1661 datam
811 1628 1086 1670 interpretabitur
1119 1627 1151 1660 d.
1174 1627 1258 1660 Lun.
1282 1627 1380 1660 Mart.
1407 1627 1508 1659 Merc.
1532 1627 1601 1659 Iov.
1626 1626 1710 1659 ven.
1745 1626 1776 1658 h.
1809 1627 1865 1659 lx.

90 1682 148 1716 III.
168 1682 352 1723 Theoloyiae
371 1682 531 1723 practicae
548 1684 674 1723 partem
692 1681 848 1722 priorem,
871 1690 951 1721 quae
974 1683 1020 1711 est
1035 1680 1074 1711 de
1086 1679 1257 1720 principiis
1273 1679 1461 1720 disciplinae
1475 1679 1509 1710 in
1523 1689 1649 1719 yenere,
1665 1679 1703 1710 de
1718 1679 1802 1710 cultu
1818 1679 1865 1710 di·

91 1735 177 1774 vino,
205 1734 244 1765 de
266 1736 334 1765 arte
353 1733 565 1774 praedicandi
588 1731 698 1764 tradet
722 1731 754 1764 d.
778 1731 862 1763 Lun.
893 1731 992 1763 Mart.
1016 1731 1119 1762 Mero.
1143 1730 1213 1763 Iov.
1239 1730 1322 1762 Ven.
1348 1729 1379 1763 h.
1404 1730 1445 1762 X.

243 1792 521 1826 RUDOLPHUS
542 1791 724 1834 KlTTEL,
748 1791 833 1824 Phil.
852 1791 909 1824 Dr.
926 1791 961 1823 P.
978 1791 1014 1823 P.
1032 1791 1072 1823 Ο.
1118 1790 1289 1822 Publice
1312 1791 1337 1823 I.
1372 1791 1547 1831 Prophetas
1570 1790 1709 1822 minores
1732 1790 1862 1822 selectos

91 1845 231 1886 (belem,
261 1844 410 1883 Hoseam,
438 1844 600 1884 Amosum,
630 1844 780 1880 Micham)
814 1842 1089 1884 interpretabitur
1118 1842 1149 1874 d.
1180 1841 1250 1874 Sat.
1281 1841 1311 1873 h.
1342 1842 1390 1873 XI
1419 1846 1451 1872 et
1482 1841 1554 1873 XII.
1599 1840 1796 1872 Privatim
1821 1841 1861 1872 11.

93 1896 358 1930 [introductionem
381 1896 415 1927 in
437 1895 534 1927 libros
563 1894 682 1926 Veteris
707 1895 896 1926 Testamenti
918 1893 1054 1925 docebit
1078 1893 1109 1925 d.
1134 1893 1217 1925 Lun.
1241 1892 1338 1925 Mart.
1364 1893 1467 1924 Merc.
1491 1892 1561 1925 lov.
1585 1891 1669 1924 Ven.
1694 1892 1726 1924 h.
1750 1893 1808 1924 IX.

244 1953 549 1987 CHRISTIANUS
573 1952 843 1985 FRIDERICUS
868 1952 1011 1985 DAVID
1036 1953 1279 1992 ERDMANN,
1306 1954 1360 1984 Dr.
1385 1953 1420 1984 P.
1443 1953 1478 1985 P.
1504 1951 1543 1984 Ο.
1570 1952 1645 1984 hon.
1678 1951 1862 1984 Publice.

94 2006 348 2040 Exercitationes
383 2006 557 2046 exegetica-3
591 2008 619 2036 et
653 2004 969 2044 biblico-theoloyicas
1003 2004 1155 2036 instituet
1183 2005 1348 2046 epistulam
1373 2005 1544 2036 secundam
1567 2004 1661 2036 Pauli
1683 2004 1726 2035 ad
1750 2003 1861 2035 Corin·

94 2059 175 2091 thies
197 2058 303 2090 datam
327 2055 556 2098 explicaturus
580 2055 611 2086 d.
635 2055 719 2088 Lun.
743 2054 775 2087 h.
800 2053 829 2085 V
855 2060 888 2086 et
913 2054 968 2088 VI.

243 2115 484 2148 ERNESTUS
508 2115 675 2151 KUEHI„
700 2114 821 2146 Theoi.
844 2114 923 2155 hie„
945 2114 1031 2147 Phil.
1054 2115 1109 2147 Dr.
1129 2115 1162 2146 P.
1182 2115 1218 2147 P.
1236 2114 1276 2146 E.
1322 2114 1492 2145 Publice
1520 2114 1543 2146 l.
1573 2115 1759 2146 Docti-inam
1782 2114 1862 2146 Noa.

96 2169 177 2201 Test.
200 2169 238 2200 de
270 2171 370 2200 morte
394 2167 512 2199 Christi
541 2166 723 2209 explicabit
751 2165 783 2198 d.
817 2165 922 2198 Mero.
949 2165 981 2198 h.
1009 2165 1083 2198 XII.
1130 2165 1325 2197 Privatim
1349 2165 1390 2197 11.
1435 2165 1698 2196 Introductionem
1726 2165 1759 2195 in
1782 2163 1862 2196 Noe.

95 2219 175 2252 Test.
199 2217 310 2250 tradet
332 2217 363 2251 d.
391 2217 474 2251 Lun.
498 2217 595 2250 Mart.
620 2217 689 2249 Ιον.
720 2216 802 2248 Ven.
828 2216 859 2248 li.
883 2216 956 2248 XII.

160 2271 162 2273 ,
244 2277 493 2311 EDUARDUS
531 2277 735 2314 BRATKE,
779 2275 901 2308 Theoi.
935 2276 1014 2311 Lic..
1049 2275 1132 2307 Phil.
1175 2275 1230 2307 Dr.
1280 2275 1485 2307 Privatim.
1532 2275 1707 2306 Historiam
1743 2284 1861 2315 propa·

91 2331 217 2372 yandae
230 2331 313 2370 fidei
334 2330 527 2362 christianae
550 2333 577 2362 et
600 2329 765 2361 historiam
788 2329 888 2360 cultus
911 2328 1078 2359 christiani
1094 2326 1204 2358 tradet
1220 2326 1251 2359 d.
1271 2327 1371 2358 Mero.
1389 2326 1420 2358 h.
1435 2326 1507 2363 XII,
1524 2325 1555 2357 d.
1570 2325 1639 2357 Sat.
1657 2324 1688 2355 h.
1706 2324 1752 2356 IX
1770 2330 1803 2357 et
1819 2324 1861 2357 X.
