2138 2748
965 254 1081 314 12³4

98 358 299 401 'cogerent¹),
321 358 422 392 modo
445 367 601 393 versuum
628 359 809 402 particulas
831 359 933 392 modo
957 359 1105 401 integros
1127 370 1244 392 versus
1267 360 1309 392 de
1332 370 1392 393 suo
1416 359 1587 398 adderent,
1601 371 1725 403 eosque
1748 370 1865 394 omnes

100 420 142 444 ex
163 411 302 444 arbitrio
325 411 508 444 Menandro
531 417 586 444 aut
607 411 799 444 Philistioni
822 411 1047 453 tribuerent²).
1092 412 1164 444 Hoc
1191 412 1292 444 modo
1316 414 1469 445 effectum
1493 416 1554 452 est,
1576 416 1614 446 ut
1631 411 1864 454 ‘Comparatio'

100 471 169 496 non
193 471 289 494 secus
311 466 410 504 atque
428 459 592 496 ‘Disticha
614 459 774 496 Parisina'
798 465 831 495 et
851 465 992 504 utraque
1009 458 1208 504 ‘Appendix’
1233 473 1273 496 ex
1294 465 1447 497 versibus
1471 466 1653 497 secundum
1677 466 1865 506 complures

94 522 140 546 ‘ac
161 512 310 546 diversas
334 523 470 546 normas
499 514 656 546 metricas
678 514 763 546 fletis
792 515 934 546 constet.
978 514 1086 555 Atque
1114 514 1262 547 indidem
1291 515 1371 548 illud
1394 526 1525 557 quoque
1549 516 1780 557 explicandum
1804 518 1865 554 est,

99 564 198 606 quod,
228 564 379 606 quisquis
403 565 458 598 ille
487 565 563 604 fuit,
594 565 650 607 qui
673 561 948 606 ‘Comparationi'
977 575 997 597 a
1026 575 1062 597 se
1097 566 1269 598 confectae
1302 567 1456 599 undecim
1491 578 1606 599 versus
1641 578 1702 600 suo
1731 567 1865 608 ingenio

93 615 193 648 fictos
217 617 250 648 et
272 617 491 658 praefationis
513 617 588 649 loco
611 627 631 649 a
645 617 828 649 Menandro
851 619 1032 658 personato
1056 618 1324 658 pronuntiandos
1341 618 1524 659 praemisit,
1548 620 1620 660 ipse
1642 629 1773 660 quoque
1797 629 1863 651 nou

91 674 199 700 unam
215 667 422 709 eandemque
437 678 593 701 normam
608 668 642 700 in
658 668 819 700 trimetris
834 669 1021 710 pangendis
1038 671 1171 701 secutus
1187 671 1248 701 est.
1292 669 1343 702 Ab
1361 671 1423 702 hac
1439 673 1550 702 autem
1565 671 1772 711 praefatione
1788 681 1865 712 pro-

99 718 318 760 ‘gradiendum
333 728 409 752 esse
425 719 460 752 in
483 719 560 752 crisi
571 715 863 761 ‘Comparationis'
881 720 1077 761 gravissime
1093 723 1269 762 corruptae
1286 721 1472 753 exercenda
1488 731 1589 762 supra
1605 721 1648 762 (p.
1661 722 1694 762 8)
1710 722 1864 755 diximus.

248 771 366 804 Insunt
389 771 488 812 igitur
510 771 544 803 in
562 767 855 812 Comparationis’
879 772 1156 813 praefatione:

212 822 290 855 ’.Ιῑι
325 823 469 855 trimetri
506 823 752 864 dodecasyllabi
796 826 934 856 accentu
969 824 1186 865 grammatico
1225 824 1258 856 in
1295 823 1500 865 paenultima
1530 824 1656 865 syllaba
1693 825 1863 866 conspicui

97 834 268 914 quatbaor:
289 874 320 906 4.
343 874 373 906 5.
396 874 426 906 6.
450 874 479 906 7.
524 874 573 906 Ex
607 874 660 906 his
689 875 876 915 spondeum
910 875 943 908 in
977 876 1083 908 altera
1103 885 1220 908 versus
1250 876 1330 907 sede
1352 875 1453 908 habet
1479 885 1566 908 unus
1589 875 1646 917 (4),
1680 876 1714 908 in
1748 879 1865 917 quarta

91 924 183 957 sede
197 934 285 957 unus
308 925 364 967 (5),
387 925 496 966 prima
518 925 670 958 vocabuli
693 923 818 959 ἀκούων
840 926 965 968 syllaba
987 927 1128 959 licenter
1155 927 1318 968 producta
1341 930 1392 959 est
1421 928 1523 959 semel
1548 927 1604 969 (5),
1632 927 1758 960 hiatum
1788 931 1864 969 post

95 975 215 1016 pedem
238 977 378 1009 alterum
401 977 592 1009 absolutum
614 977 716 1010 hahet
736 987 823 1010 unus
846 978 903 1020 (6).

246 1027 286 1061 lb.
309 1029 452 1061 trimetri
475 1028 730 1070 dodecasyllabi,
754 1039 895 1070 quorum
917 1029 1124 1071 paenultima
1152 1030 1279 1071 syllaba
1301 1032 1442 1063 accentu
1464 1030 1681 1071 grammatico
1705 1031 1863 1063 destituta

96 1080 157 1118 est,
180 1078 265 1112 duo:
288 1080 317 1112 8.
341 1080 376 1118 9;
403 1089 444 1112 ex
467 1079 520 1112 his
543 1089 653 1112 nonus
679 1080 810 1112 duobus
838 1081 998 1122 spondeis
1023 1081 1057 1113 in
1085 1082 1165 1113 sede
1191 1082 1297 1114 altera
1322 1084 1355 1114 et
1379 1082 1412 1113 in
1440 1084 1557 1122 quarta
1584 1082 1775 1123 inquinatus
1802 1084 1863 1115 est.

245 1131 281 1163 Π.
305 1131 454 1172 singulos
477 1131 667 1164 tribrachos
691 1132 865 1164 continent
887 1143 1004 1165 versus
1028 1135 1200 1174 quattuor:
1226 1134 1253 1165 1.
1276 1134 1305 1166 2.
1330 1135 1359 1165 3.
1385 1134 1434 1165 10.

245 1182 295 1214 111.
317 1183 402 1215 duos
426 1183 574 1224 dactylos
597 1183 728 1216 videtur
751 1184 958 1216 continuisse
980 1194 1096 1217 versus
1119 1194 1221 1217 unus:
1247 1185 1295 1216 11.

245 1233 299 1266 An
313 1244 393 1266 vero
415 1234 536 1267 audeat
558 1234 735 1276 quisquam
756 1245 912 1268 versuum
927 1236 947 1268 5
964 1238 996 1268 et
1011 1237 1031 1267 9
1053 1236 1244 1268 barbariem
1268 1245 1440 1268 removere
1454 1236 1554 1268 veluti
1578 1236 1630 1268 his
1646 1236 1863 1269 coniecturis:

91 1283 142 1327 (5)
164 1282 248 1324 ὅπως
269 1284 400 1324 ἕκαστός
422 1296 491 1328 μου
514 1285 717 1319 ἐπακούων
739 1285 885 1330 μανθάνῃ
909 1289 941 1319 et
964 1287 1010 1329 (9)
1033 1286 1085 1319 τὸν
1105 1286 1233 1329 τερπνὸν
1255 1285 1406 1329 αἱρετόν
1427 1297 1466 1319 τε
1487 1288 1542 1319 καὶ
1565 1287 1725 1330 βιωφελῆῗ

244 1337 370 1378 Itaque,
394 1337 552 1379 quoniam
576 1347 639 1370 nos
663 1338 698 1369 in
713 1339 778 1370 hoc
801 1338 914 1371 libello
937 1348 1007 1370 non
1030 1338 1158 1371 lubrica
1180 1339 1395 1377 divinatione,
1419 1338 1498 1380 quid
1513 1338 1687 1371 Menandri
1707 1340 1862 1380 aequales

95 1386 242 1420 scribere
267 1389 448 1429 potuerint,
478 1389 632 1421 conicere
653 1390 818 1429 volumus,
849 1390 908 1422 sed
937 1392 1034 1422 cauta
1062 1390 1318 1423 ratiocinatione
1348 1400 1473 1429 eruere,
1503 1390 1582 1431 quid
1609 1393 1780 1431 poetaster
1809 1391 1864 1423 ille

93 1438 295 1480 Byzantinus
319 1440 496 1481 scripsisse
512 1440 674 1480 videatur,
697 1441 753 1482 qui
776 1442 909 1474 saeculo
925 1442 966 1473 VI
989 1441 1045 1483 qui
1069 1442 1202 1474 saeculo
1218 1443 1258 1474 v]
1276 1438 1593 1482 ‘Comparationem’
1618 1442 1771 1482 confecit,
1795 1453 1862 1474 non

93 1489 318 1524 dubitabimus
348 1491 428 1533 quin
455 1492 591 1533 plurimi
620 1502 736 1525 eorum
763 1493 1061 1532 barbarismorum,
1090 1494 1146 1535 qui
1175 1494 1209 1525 in
1239 1493 1410 1526 codicibus
1437 1492 1498 1532 QP
1516 1493 1631 1526 traditi
1654 1496 1741 1532 sunt,
1764 1494 1862 1526 huius

92 1542 207 1574 manui
229 1542 423 1576 debeantur.

245 1595 282 1627 In
304 1595 378 1636 ipsa
394 1591 739 1637 ‘comparatione’
765 1595 807 1638 (v.
833 1597 990 1639 12-210)
1014 1597 1144 1629 insunt:

248 1645 290 1678 1².
312 1646 456 1679 trimetri
476 1647 722 1689 dodecasyllabi
745 1647 779 1680 in
795 1650 1028 1690 paroxytonon
1051 1651 1211 1681 exeuntes
1234 1648 1285 1680 hi:
1310 1649 1358 1680 15.
1377 1641 1424 1680 18.
1438 1649 1488 1680 22.
1505 1648 1545 1679 27
1558 1647 1608 1689 (Ρ).
1625 1648 1666 1680 28
1678 1647 1729 1689 (9).
1744 1648 1795 1680 29.
1812 1647 1863 1680 32.

98 1695 151 1729 35.-
172 1696 224 1729 36.
239 1697 291 1729 40.
306 1698 348 1730 43
365 1698 416 1740 (P).
438 1699 479 1731 47
496 1698 546 1741 (Ρ).
567 1699 620 1731 49.
636 1700 687 1732 52.
710 1700 751 1732 53
768 1699 818 1741 (Ρ).
833 1701 885 1732 57.
908 1701 959 1732 59.
982 1701 1033 1733 62.
1049 1701 1100 1732 65.
1124 1701 1162 1732 71
1181 1700 1231 1741 (‘?).
1256 1700 1306 1732 75.
1330 1699 1380 1731 76.
1396 1700 1446 1731 78.
1469 1700 1520 1731 80.
1536 1699 1587 1731 86.
1610 1700 1661 1731 87.
1677 1700 1728 1731 89.
1744 1700 1795 1731 90.
1811 1699 1863 1731 94.

93 1747 144 1780 96.
161 1748 212 1781 97.
229 1749 280 1781 98.
297 1749 368 1782 103.
387 1750 447 1782 106
464 1750 516 1792 (P).
534 1751 605 1783 110.
623 1751 693 1784 113.
712 1752 782 1784 117.
800 1752 870 1784 119.
889 1752 958 1784 120.
977 1752 1046 1784 121.
1070 1751 1139 1784 122.
1159 1752 1227 1783 123.
1247 1751 1316 1783 133.
1343 1751 1412 1783 144.
1431 1751 1500 1782 146.
1520 1751 1588 1782 148.
1607 1752 1677 1783 155.
1697 1752 1765 1783 160.
1792 1751 1860 1783 171.

248 1867 268 1903 ¹)
286 1868 432 1904 Egregium
463 1871 617 1905 exemplum
647 1871 778 1899 audaciae
809 1871 890 1903 illius.
920 1879 975 1905 qua
1002 1871 1177 1906 antiquorum
1207 1873 1350 1905 poetarum
1380 1871 1493 1898 trimetri
1524 1870 1668 1897 duodecim
1698 1871 1862 1905 syllabarum

94 1917 238 1939 numerum
265 1913 428 1951 excedentes
446 1923 463 1941 a
480 1914 637 1949 Byzantinis
665 1915 888 1949 compilatoribus
915 1915 943 1941 in
963 1915 1190 1949 dodecasyllabos
1209 1914 1346 1941 trimetros
1366 1915 1542 1948 cogebantur,
1570 1914 1702 1948 praebent
1720 1914 1748 1941 in
1767 1914 1861 1941 incerti

93 1954 232 1989 scriptoris
251 1955 360 1983 Christo
379 1957 504 1984 Patiente
523 1958 547 1985 ei
565 1967 670 1990 versus,
689 1959 735 1993 qui
755 1967 787 1985 ex
806 1959 936 1993 Euripide
955 1959 1110 1993 deprompti
1129 1961 1158 1986 et
1174 1959 1270 1986 mutati
1289 1961 1364 1990 sunt:
1383 1959 1415 1985 cf.
1435 1959 1454 1985 1.
1469 1958 1499 1985 G.
1512 1957 1627 1985 Bramhs
1646 1958 1673 1984 in
1693 1958 1861 1992 praefatione

93 1997 219 2026 editionis
236 1999 347 2034 Lipsiae
365 2008 390 2028 a.
410 2001 477 2028 1885
494 2004 606 2028 curatae
624 2010 650 2036 p.
671 2003 703 2029 18
721 2010 762 2036 sq.

242 2041 265 2077 ¹)
283 2042 382 2075 Veluti.
401 2045 431 2071 ut
449 2052 482 2071 ex
500 2053 555 2071 una
570 2043 803 2079 ‘Comparatione'
831 2045 956 2080 exempla
974 2045 1094 2073 delibem
1113 2048 1140 2073 et
1157 2054 1252 2073 versus
1267 2043 1504 2080 'Comparationis'
1525 2046 1553 2072 in
1562 2044 1703 2072 ‘Distichis
1722 2043 1859 2072 Parisinis'

93 2085 140 2111 aut
163 2084 190 2112 in
205 2083 375 2120 ‘Appendice
393 2083 413 2114 1‘
433 2089 480 2114 aut
506 2088 534 2114 in
562 2088 759 2122 posterioribus
790 2089 956 2122 anthologiis
986 2089 1082 2123 (veluti
1112 2090 1184 2124 apud
1202 2089 1349 2116 Maximum
1379 2092 1406 2115 et
1424 2089 1582 2122 Antonium)
1613 2088 1673 2114 aliis
1704 2089 1860 2115 auctoribus

93 2127 244 2162 adscriptos
263 2129 399 2157 omittam:
418 2129 706 2166 si'comparaiionem'
728 2140 790 2159 cum
802 2132 950 2159 Plutarcho
969 2135 997 2159 et
1015 2132 1201 2160 cum-Stobaei
1220 2132 1380 2166 anthologio
1400 2131 1555 2162 contuleris.
1575 2140 1657 2165 quam
1676 2131 1752 2158 multi
1766 2140 1860 2158 versus

92 2171 127 2198 ab
145 2171 206 2198 aliis
224 2173 314 2206 poetis
331 2173 388 2200 fleti
407 2173 519 2201 arbitrio
539 2175 607 2207 eius,
625 2175 672 2210 qui
687 2173 945 2210 'Comparationem'
967 2176 1137 2211 conscripsit.
1151 2173 1317 2203 ‘Menandro‘
1339 2175 1382 2202 vel
1396 2173 1570 2202 ‘Philistioni'
1591 2174 1683 2201 tributi
1699 2175 1761 2205 sint,
1779 2183 1861 2210 appa-

93 2215 171 2243 rebit.
206 2215 248 2243 Ita
266 2216 295 2244 in
308 2215 419 2252 'compff
441 2217 590 2245 Menandro
609 2219 708 2246 dantur
725 2227 822 2246 versus
839 2220 881 2246 49.
899 2220 935 2246 50
956 2220 1097 2253 (audacter
1119 2219 1235 2253 mutati).
1254 2219 1300 2254 qui
1325 2221 1395 2245 teste
1413 2219 1560 2245 Plutarcho
1579 2218 1715 2252 Euripidis
1738 2221 1814 2249 sunt;
1833 2219 1860 2245 in

89 2256 202 2293 'Comp.’
214 2259 368 2287 Philistioni
381 2260 481 2288 dantur
489 2270 585 2289 versus
597 2262 734 2289 111—114
745 2263 840 2296 (libere
853 2263 1056 2298 transformati),
1070 2263 1117 2298 qui
1130 2266 1199 2290 teste
1210 2263 1330 2290 Stobaeo
1343 2263 1465 2289 eiusdem
1478 2265 1541 2289 sunt
1551 2262 1700 2296 Euripidis;
1714 2261 1859 2297 in‘Comp.'

93 2301 249 2329 Philistioni
273 2303 353 2330 datur
371 2311 465 2331 versus
484 2305 526 2336 22.
553 2305 600 2339 qui
619 2308 688 2332 teste
707 2306 828 2332 Stobaeo
848 2307 1043 2333 Chaeremonis
1074 2307 1170 2340 tragici
1195 2309 1249 2338 est;
1282 2307 1307 2332 in
1323 2303 1435 2340 'Con1p.’
1457 2306 1606 2332 Menandro
1637 2307 1735 2332 dantur
1765 2314 1859 2333 versus

94 2345 202 2377 lai—15,
230 2346 276 2380 qui
304 2346 331 2373 in
350 2346 531 2382 Gnomologio
549 2348 734 2376 Laurentiano
762 2349 806 2383 (ex
825 2350 945 2376 Stobaeo
964 2350 1097 2384 derivato)
1116 2350 1240 2377 Philetae
1267 2358 1329 2376 esse
1357 2350 1490 2375 dicuntur.
1527 2349 1558 2375 ln
1572 2345 1683 2383 ‘Comp.'
1705 2349 1858 2376 Philistioni

92 2387 192 2416 dantur
215 2397 311 2417 versus
328 2390 430 2418 59-67
459 2393 486 2419 et
504 2392 604 2419 77-—81
633 2394 661 2419 et
681 2393 823 2425 189—191.
851 2393 945 2427 quiin
964 2393 1076 2420 Stobaei
1103 2394 1242 2420 codicibus
1270 2393 1364 2419 itidem
1382 2393 1506 2419 Philotae
1533 2400 1594 2419 esse
1621 2393 1748 2419 dicuntur
1774 2393 1859 2425 (solos

92 2439 188 2460 versus
208 2433 342 2460 189-191
362 2442 417 2461 una
429 2434 541 2462 Stobaei
560 2435 644 2462 editio
663 2436 880 2463 Trincavelliana
898 2437 1052 2463 Philemoni
1072 2437 1136 2470 dat).
1173 2437 1231 2463 Soli
1250 2445 1345 2463 versus
1362 2436 1405 2462 ⁴4.
1417 2436 1451 2462 45
1470 2436 1497 2462 in
1511 2433 1623 2470 'Cnmpj
1644 2436 1734 2469 (valde
1752 2437 1859 2466 mutati)

92 2475 255 2508 Philistioni,
268 2477 339 2511 apud
354 2477 503 2505 Stobaeum
516 2478 669 2506 Philemoni
688 2480 799 2511 dantum
818 2483 845 2507 et
863 2480 891 2506 in
900 2478 1012 2514 ‘Comp.’
1028 2483 1055 2507 et
1068 2481 1140 2514 apud
1154 2480 1303 2506 Stobaeum
1316 2479 1464 2506 Menandro
1483 2480 1637 2506 tribuuntur
1648 2487 1744 2505 versus
1755 2479 1859 2506 ‹ss—7⁸5

93 2521 121 2546 et
138 2519 279 2554 (audacter
296 2521 404 2555 mutati)
424 2522 481 2548 105.
502 2522 559 2548 106.
