<?xml version="1.0" encoding="UTF-8"?>
<!DOCTYPE html PUBLIC "-//W3C//DTD XHTML 1.0 Transitional//EN"
    "http://www.w3.org/TR/xhtml1/DTD/xhtml1-transitional.dtd">
<html xmlns="http://www.w3.org/1999/xhtml" xml:lang="en" lang="en">
 <head>
  <title>
</title>
<meta http-equiv="Content-Type" content="text/html;charset=utf-8" />
  <meta name='ocr-system' content='tesseract 3.04.00' />
  <meta name='ocr-capabilities' content='ocr_page ocr_carea ocr_par ocr_line ocrx_word'/>
</head>
<body>
  <div class='ocr_page' id='page_1' title='image "./ueberdieentstehu00benfuoft_0425.png"; bbox 0 0 2138 2748; ppageno 0'>
   <div class='ocr_carea' id='block_1_1' title="bbox 947 235 1049 267">
    <p class='ocr_par' dir='ltr' id='par_1_1' title="bbox 947 235 1049 267">
     <span class='ocr_line' id='line_1_1' title="bbox 947 235 1049 267; baseline 0 0"><span class='ocrx_word' id='word_1_1' title='bbox 947 235 1049 267; x_wconf 82' lang='lat'><strong>15·</strong></span> 
     </span>
    </p>
   </div>
   <div class='ocr_carea' id='block_1_2' title="bbox 860 281 1007 285">
    <p class='ocr_par' dir='ltr' id='par_1_2' title="bbox 860 281 1007 285">
     <span class='ocr_line' id='line_1_2' title="bbox 860 281 1007 285; baseline 0 0"><span class='ocrx_word' id='word_1_2' title='bbox 860 281 1007 285; x_wconf 95' lang='lat' dir='ltr'><strong> </strong></span> 
     </span>
    </p>
   </div>
   <div class='ocr_carea' id='block_1_3' title="bbox 221 336 1851 375">
    <p class='ocr_par' dir='ltr' id='par_1_3' title="bbox 221 336 1851 375">
     <span class='ocr_line' id='line_1_3' title="bbox 221 336 1851 375; baseline 0.001 -6"><span class='ocrx_word' id='word_1_3' title='bbox 221 336 493 370; x_wconf 86' lang='lat' dir='ltr'><strong>LEOPOLDUS</strong></span> <span class='ocrx_word' id='word_1_4' title='bbox 526 337 790 375; x_wconf 85' lang='lat' dir='ltr'><strong>AUERBACH,</strong></span> <span class='ocrx_word' id='word_1_5' title='bbox 836 338 892 370; x_wconf 88' lang='lat' dir='ltr'><strong>Dr.</strong></span> <span class='ocrx_word' id='word_1_6' title='bbox 931 337 966 371; x_wconf 88' lang='lat' dir='ltr'><strong>P.</strong></span> <span class='ocrx_word' id='word_1_7' title='bbox 1006 337 1042 371; x_wconf 84' lang='lat' dir='ltr'><strong>P.</strong></span> <span class='ocrx_word' id='word_1_8' title='bbox 1077 337 1115 370; x_wconf 83' lang='lat' dir='ltr'><strong>E.</strong></span> <span class='ocrx_word' id='word_1_9' title='bbox 1183 338 1354 370; x_wconf 85' lang='lat' dir='ltr'><strong>Publice</strong></span> <span class='ocrx_word' id='word_1_10' title='bbox 1389 337 1414 371; x_wconf 91' lang='grc' dir='ltr'>Ι.</span> <span class='ocrx_word' id='word_1_11' title='bbox 1470 339 1518 371; x_wconf 86' lang='lat' dir='ltr'><strong>De</strong></span> <span class='ocrx_word' id='word_1_12' title='bbox 1545 339 1681 372; x_wconf 70' lang='lat' dir='ltr'><strong>historia</strong></span> <span class='ocrx_word' id='word_1_13' title='bbox 1707 340 1851 372; x_wconf 75' lang='lat' dir='ltr'><strong>naturali</strong></span> 
     </span>
    </p>
   </div>
   <div class='ocr_carea' id='block_1_4' title="bbox 63 388 1850 432">
    <p class='ocr_par' dir='ltr' id='par_1_4' title="bbox 63 388 1850 432">
     <span class='ocr_line' id='line_1_4' title="bbox 63 388 1850 432; baseline 0 -10"><span class='ocrx_word' id='word_1_14' title='bbox 63 392 294 431; x_wconf 75' lang='lat' dir='ltr'><strong>protozoorum</strong></span> <span class='ocrx_word' id='word_1_15' title='bbox 317 388 462 421; x_wconf 76' lang='lat' dir='ltr'>disseret</span> <span class='ocrx_word' id='word_1_16' title='bbox 489 389 592 421; x_wconf 92' lang='lat' dir='ltr'><strong>semel</strong></span> <span class='ocrx_word' id='word_1_17' title='bbox 622 400 682 432; x_wconf 83' lang='lat' dir='ltr'><strong>per</strong></span> <span class='ocrx_word' id='word_1_18' title='bbox 708 388 809 421; x_wconf 84' lang='lat' dir='ltr'>hebd.</span> <span class='ocrx_word' id='word_1_19' title='bbox 855 388 1052 420; x_wconf 84' lang='lat' dir='ltr'><strong>Privatim</strong></span> <span class='ocrx_word' id='word_1_20' title='bbox 1083 389 1123 422; x_wconf 87' lang='lat'><strong>11.</strong></span> <span class='ocrx_word' id='word_1_21' title='bbox 1169 391 1218 422; x_wconf 86' lang='lat' dir='ltr'><strong>De</strong></span> <span class='ocrx_word' id='word_1_22' title='bbox 1239 390 1442 431; x_wconf 74' lang='lat' dir='ltr'><strong>yeneratione</strong></span> <span class='ocrx_word' id='word_1_23' title='bbox 1469 394 1497 422; x_wconf 86' lang='lat' dir='ltr'><strong>et</strong></span> <span class='ocrx_word' id='word_1_24' title='bbox 1519 391 1730 431; x_wconf 77' lang='lat' dir='ltr'><strong>embryoloyia</strong></span> <span class='ocrx_word' id='word_1_25' title='bbox 1751 393 1850 422; x_wconf 79' lang='lat' dir='ltr'><strong>verte-</strong></span> 
     </span>
    </p>
   </div>
   <div class='ocr_carea' id='block_1_5' title="bbox 68 439 684 483">
    <p class='ocr_par' dir='ltr' id='par_1_5' title="bbox 68 439 684 483">
     <span class='ocr_line' id='line_1_5' title="bbox 68 439 684 483; baseline 0.002 -11"><span class='ocrx_word' id='word_1_26' title='bbox 68 440 231 472; x_wconf 89' lang='lat' dir='ltr'><strong>bratorum</strong></span> <span class='ocrx_word' id='word_1_27' title='bbox 255 439 399 473; x_wconf 82' lang='lat' dir='ltr'>disseret</span> <span class='ocrx_word' id='word_1_28' title='bbox 423 440 475 472; x_wconf 83' lang='lat' dir='ltr'><strong>bis</strong></span> <span class='ocrx_word' id='word_1_29' title='bbox 500 451 560 483; x_wconf 88' lang='lat' dir='ltr'><strong>per</strong></span> <span class='ocrx_word' id='word_1_30' title='bbox 582 440 684 474; x_wconf 84' lang='lat' dir='ltr'><strong>hebd.</strong></span> 
     </span>
    </p>
   </div>
   <div class='ocr_carea' id='block_1_6' title="bbox 66 495 1851 1009">
    <p class='ocr_par' dir='ltr' id='par_1_6' title="bbox 66 495 1850 632">
     <span class='ocr_line' id='line_1_6' title="bbox 220 495 1848 534; baseline 0.001 -7"><span class='ocrx_word' id='word_1_31' title='bbox 220 495 509 529; x_wconf 86' lang='lat' dir='ltr'>HERMANNUS</span> <span class='ocrx_word' id='word_1_32' title='bbox 537 495 800 529; x_wconf 86' lang='lat' dir='ltr'><strong>LUDOVICUS</strong></span> <span class='ocrx_word' id='word_1_33' title='bbox 825 495 968 534; x_wconf 87' lang='lat' dir='ltr'>COHN,</span> <span class='ocrx_word' id='word_1_34' title='bbox 1004 496 1061 528; x_wconf 88' lang='lat' dir='ltr'><strong>Dr.</strong></span> <span class='ocrx_word' id='word_1_35' title='bbox 1091 496 1126 529; x_wconf 87' lang='lat' dir='ltr'><strong>P.</strong></span> <span class='ocrx_word' id='word_1_36' title='bbox 1157 496 1192 529; x_wconf 90' lang='lat' dir='ltr'><strong>P.</strong></span> <span class='ocrx_word' id='word_1_37' title='bbox 1222 496 1261 530; x_wconf 88' lang='lat' dir='ltr'><strong>E.</strong></span> <span class='ocrx_word' id='word_1_38' title='bbox 1317 495 1489 528; x_wconf 79' lang='lat' dir='ltr'><strong>Publice</strong></span> <span class='ocrx_word' id='word_1_39' title='bbox 1518 497 1542 530; x_wconf 89' lang='lat'><strong>1.</strong></span> <span class='ocrx_word' id='word_1_40' title='bbox 1595 498 1848 529; x_wconf 72' lang='lat' dir='ltr'><strong>Exercitationes</strong></span> 
     </span>
     <span class='ocr_line' id='line_1_7' title="bbox 66 547 1850 591; baseline 0.001 -12"><span class='ocrx_word' id='word_1_41' title='bbox 66 548 281 590; x_wconf 63' lang='lat' dir='ltr'><strong>diaynosticaa</strong></span> <span class='ocrx_word' id='word_1_42' title='bbox 297 547 596 589; x_wconf 70' lang='lat' dir='ltr'><strong>ophthalmoloyicas</strong></span> <span class='ocrx_word' id='word_1_43' title='bbox 614 547 753 580; x_wconf 83' lang='lat' dir='ltr'><strong>habebit</strong></span> <span class='ocrx_word' id='word_1_44' title='bbox 768 548 801 582; x_wconf 91' lang='lat' dir='ltr'><strong>d.</strong></span> <span class='ocrx_word' id='word_1_45' title='bbox 819 548 920 581; x_wconf 84' lang='lat' dir='ltr'><strong>Mero.</strong></span> <span class='ocrx_word' id='word_1_46' title='bbox 938 548 970 582; x_wconf 88' lang='lat' dir='ltr'><strong>h.</strong></span> <span class='ocrx_word' id='word_1_47' title='bbox 990 548 1030 581; x_wconf 93' lang='lat' dir='ltr'><strong>V.</strong></span> <span class='ocrx_word' id='word_1_48' title='bbox 1060 548 1258 581; x_wconf 87' lang='lat' dir='ltr'>Privatim</span> <span class='ocrx_word' id='word_1_49' title='bbox 1282 549 1322 582; x_wconf 92' lang='lat' dir='ltr'><strong>ll.</strong></span> <span class='ocrx_word' id='word_1_50' title='bbox 1352 550 1487 582; x_wconf 69' lang='lat' dir='ltr'><strong>Cursum</strong></span> <span class='ocrx_word' id='word_1_51' title='bbox 1509 550 1850 591; x_wconf 76' lang='lat' dir='ltr'><strong>ophthalmoecopicum</strong></span> 
     </span>
     <span class='ocr_line' id='line_1_8' title="bbox 67 597 695 632; baseline 0.002 -2"><span class='ocrx_word' id='word_1_52' title='bbox 67 597 221 631; x_wconf 77' lang='lat' dir='ltr'><strong>instituet</strong></span> <span class='ocrx_word' id='word_1_53' title='bbox 243 597 276 630; x_wconf 88' lang='lat' dir='ltr'><strong>d.</strong></span> <span class='ocrx_word' id='word_1_54' title='bbox 299 598 398 631; x_wconf 86' lang='lat' dir='ltr'><strong>Mart.</strong></span> <span class='ocrx_word' id='word_1_55' title='bbox 428 603 462 630; x_wconf 89' lang='lat' dir='ltr'><strong>et</strong></span> <span class='ocrx_word' id='word_1_56' title='bbox 484 598 569 632; x_wconf 90' lang='lat' dir='ltr'><strong>Ven.</strong></span> <span class='ocrx_word' id='word_1_57' title='bbox 587 598 619 630; x_wconf 92' lang='lat' dir='ltr'><strong>h.</strong></span> <span class='ocrx_word' id='word_1_58' title='bbox 636 598 695 631; x_wconf 95' lang='lat' dir='ltr'><strong>IV.</strong></span> 
     </span>
    </p>

    <p class='ocr_par' dir='ltr' id='par_1_7' title="bbox 69 653 1851 851">
     <span class='ocr_line' id='line_1_9' title="bbox 217 653 1851 691; baseline 0.001 -6"><span class='ocrx_word' id='word_1_59' title='bbox 217 653 480 686; x_wconf 86' lang='lat' dir='ltr'><strong>RICHARDUS</strong></span> <span class='ocrx_word' id='word_1_60' title='bbox 506 653 808 691; x_wconf 85' lang='lat' dir='ltr'><strong>GSCHEIDLEN,</strong></span> <span class='ocrx_word' id='word_1_61' title='bbox 835 654 891 688; x_wconf 89' lang='lat' dir='ltr'><strong>Dr.</strong></span> <span class='ocrx_word' id='word_1_62' title='bbox 909 655 943 688; x_wconf 87' lang='lat' dir='ltr'><strong>P.</strong></span> <span class='ocrx_word' id='word_1_63' title='bbox 967 655 1000 688; x_wconf 89' lang='lat' dir='ltr'><strong>P.</strong></span> <span class='ocrx_word' id='word_1_64' title='bbox 1019 655 1056 687; x_wconf 86' lang='grc' dir='ltr'>Ε.</span> <span class='ocrx_word' id='word_1_65' title='bbox 1099 655 1272 687; x_wconf 83' lang='lat' dir='ltr'><strong>Publice</strong></span> <span class='ocrx_word' id='word_1_66' title='bbox 1297 655 1319 688; x_wconf 90' lang='lat'><strong>1.</strong></span> <span class='ocrx_word' id='word_1_67' title='bbox 1358 656 1407 688; x_wconf 87' lang='lat' dir='ltr'><strong>De</strong></span> <span class='ocrx_word' id='word_1_68' title='bbox 1426 657 1541 688; x_wconf 86' lang='lat' dir='ltr'><strong>urinae</strong></span> <span class='ocrx_word' id='word_1_69' title='bbox 1563 656 1684 688; x_wconf 83' lang='lat' dir='ltr'><strong>chemia</strong></span> <span class='ocrx_word' id='word_1_70' title='bbox 1706 654 1851 687; x_wconf 74' lang='lat' dir='ltr'><strong>disseret</strong></span> 
     </span>
     <span class='ocr_line' id='line_1_10' title="bbox 69 703 1849 749; baseline 0.001 -13"><span class='ocrx_word' id='word_1_71' title='bbox 69 703 101 738; x_wconf 92' lang='lat' dir='ltr'><strong>d.</strong></span> <span class='ocrx_word' id='word_1_72' title='bbox 125 703 207 738; x_wconf 86' lang='lat' dir='ltr'><strong>Lun.</strong></span> <span class='ocrx_word' id='word_1_73' title='bbox 231 704 263 737; x_wconf 90' lang='lat' dir='ltr'><strong>h.</strong></span> <span class='ocrx_word' id='word_1_74' title='bbox 290 705 329 737; x_wconf 96' lang='lat' dir='ltr'><strong>V.</strong></span> <span class='ocrx_word' id='word_1_75' title='bbox 381 705 581 737; x_wconf 83' lang='lat' dir='ltr'><strong>Privatim</strong></span> <span class='ocrx_word' id='word_1_76' title='bbox 604 705 644 739; x_wconf 89' lang='lat' dir='ltr'><strong>Il.</strong></span> <span class='ocrx_word' id='word_1_77' title='bbox 696 707 860 748; x_wconf 73' lang='lat' dir='ltr'><strong>Hyyienen</strong></span> <span class='ocrx_word' id='word_1_78' title='bbox 885 707 1044 749; x_wconf 81' lang='lat' dir='ltr'><strong>publicam</strong></span> <span class='ocrx_word' id='word_1_79' title='bbox 1072 707 1394 739; x_wconf 74' lang='lat' dir='ltr'><strong>demonstrationibus</strong></span> <span class='ocrx_word' id='word_1_80' title='bbox 1422 708 1613 739; x_wconf 71' lang='lat' dir='ltr'><strong>illustratam</strong></span> <span class='ocrx_word' id='word_1_81' title='bbox 1636 706 1775 738; x_wconf 80' lang='lat' dir='ltr'><strong>docebit</strong></span> <span class='ocrx_word' id='word_1_82' title='bbox 1798 707 1849 738; x_wconf 90' lang='lat' dir='ltr'><strong>bis</strong></span> 
     </span>
     <span class='ocr_line' id='line_1_11' title="bbox 69 754 1851 801; baseline 0.001 -13"><span class='ocrx_word' id='word_1_83' title='bbox 69 765 129 799; x_wconf 81' lang='lat' dir='ltr'><strong>per</strong></span> <span class='ocrx_word' id='word_1_84' title='bbox 149 755 252 788; x_wconf 93' lang='lat' dir='ltr'><strong>hebd.</strong></span> <span class='ocrx_word' id='word_1_85' title='bbox 296 754 586 790; x_wconf 89' lang='lat' dir='ltr'><strong>Privatissime</strong></span> <span class='ocrx_word' id='word_1_86' title='bbox 615 758 672 790; x_wconf 88' lang='grc' dir='ltr'>ΙΙΙ.</span> <span class='ocrx_word' id='word_1_87' title='bbox 717 759 970 791; x_wconf 69' lang='lat' dir='ltr'><strong>Exercitationes</strong></span> <span class='ocrx_word' id='word_1_88' title='bbox 998 759 1144 799; x_wconf 71' lang='lat' dir='ltr'><strong>hyyienes</strong></span> <span class='ocrx_word' id='word_1_89' title='bbox 1171 760 1207 791; x_wconf 83' lang='lat' dir='ltr'><strong>in</strong></span> <span class='ocrx_word' id='word_1_90' title='bbox 1227 759 1354 791; x_wconf 84' lang='lat' dir='ltr'><strong>modum</strong></span> <span class='ocrx_word' id='word_1_91' title='bbox 1377 759 1544 791; x_wconf 71' lang='lat' dir='ltr'><strong>seminarii</strong></span> <span class='ocrx_word' id='word_1_92' title='bbox 1566 758 1709 800; x_wconf 86' lang='lat' dir='ltr'><strong>dirigere</strong></span> <span class='ocrx_word' id='word_1_93' title='bbox 1733 763 1851 801; x_wconf 84' lang='lat' dir='ltr'><strong>perget</strong></span> 
     </span>
     <span class='ocr_line' id='line_1_12' title="bbox 69 807 379 851; baseline 0.003 -11"><span class='ocrx_word' id='word_1_94' title='bbox 69 807 172 840; x_wconf 85' lang='lat' dir='ltr'><strong>semel</strong></span> <span class='ocrx_word' id='word_1_95' title='bbox 194 818 256 851; x_wconf 87' lang='lat' dir='ltr'><strong>per</strong></span> <span class='ocrx_word' id='word_1_96' title='bbox 278 807 379 842; x_wconf 91' lang='lat' dir='ltr'><strong>hebd.</strong></span> 
     </span>
    </p>

    <p class='ocr_par' dir='ltr' id='par_1_8' title="bbox 68 863 1851 1009">
     <span class='ocr_line' id='line_1_13' title="bbox 219 863 1851 907; baseline 0.001 -11"><span class='ocrx_word' id='word_1_97' title='bbox 219 863 436 897; x_wconf 87' lang='lat' dir='ltr'>AEMILIUS</span> <span class='ocrx_word' id='word_1_98' title='bbox 460 864 672 902; x_wconf 86' lang='lat' dir='ltr'><strong>RICHTER,</strong></span> <span class='ocrx_word' id='word_1_99' title='bbox 698 865 756 898; x_wconf 89' lang='lat' dir='ltr'><strong>Dr.</strong></span> <span class='ocrx_word' id='word_1_100' title='bbox 771 865 806 898; x_wconf 89' lang='lat' dir='ltr'><strong>P.</strong></span> <span class='ocrx_word' id='word_1_101' title='bbox 824 865 858 898; x_wconf 89' lang='lat' dir='ltr'><strong>P.</strong></span> <span class='ocrx_word' id='word_1_102' title='bbox 878 865 916 898; x_wconf 83' lang='lat' dir='ltr'><strong>E.</strong></span> <span class='ocrx_word' id='word_1_103' title='bbox 951 865 1122 897; x_wconf 85' lang='lat' dir='ltr'><strong>Publice</strong></span> <span class='ocrx_word' id='word_1_104' title='bbox 1141 865 1162 898; x_wconf 94' lang='lat' dir='ltr'><strong>l.</strong></span> <span class='ocrx_word' id='word_1_105' title='bbox 1197 866 1438 907; x_wconf 70' lang='lat' dir='ltr'><strong>Amputattonea</strong></span> <span class='ocrx_word' id='word_1_106' title='bbox 1461 869 1489 897; x_wconf 84' lang='lat' dir='ltr'><strong>et</strong></span> <span class='ocrx_word' id='word_1_107' title='bbox 1511 866 1701 897; x_wconf 70' lang='lat' dir='ltr'><strong>resectiones</strong></span> <span class='ocrx_word' id='word_1_108' title='bbox 1723 868 1851 897; x_wconf 82' lang='lat' dir='ltr'><strong>artuum</strong></span> 
     </span>
     <span class='ocr_line' id='line_1_14' title="bbox 69 914 1848 959; baseline 0.001 -12"><span class='ocrx_word' id='word_1_109' title='bbox 69 914 207 947; x_wconf 79' lang='lat' dir='ltr'><strong>docebit</strong></span> <span class='ocrx_word' id='word_1_110' title='bbox 228 915 331 947; x_wconf 88' lang='lat' dir='ltr'><strong>semel</strong></span> <span class='ocrx_word' id='word_1_111' title='bbox 354 926 416 958; x_wconf 89' lang='lat' dir='ltr'><strong>per</strong></span> <span class='ocrx_word' id='word_1_112' title='bbox 438 915 539 949; x_wconf 85' lang='lat' dir='ltr'><strong>hebd.</strong></span> <span class='ocrx_word' id='word_1_113' title='bbox 584 916 783 948; x_wconf 85' lang='lat' dir='ltr'><strong>Privatim</strong></span> <span class='ocrx_word' id='word_1_114' title='bbox 806 917 846 948; x_wconf 91' lang='lat' dir='ltr'><strong>Il.</strong></span> <span class='ocrx_word' id='word_1_115' title='bbox 892 918 941 949; x_wconf 79' lang='lat' dir='ltr'><strong>De</strong></span> <span class='ocrx_word' id='word_1_116' title='bbox 963 918 1108 958; x_wconf 76' lang='lat' dir='ltr'><strong>aciuryia</strong></span> <span class='ocrx_word' id='word_1_117' title='bbox 1131 917 1263 958; x_wconf 71' lang='lat' dir='ltr'><strong>speciali</strong></span> <span class='ocrx_word' id='word_1_118' title='bbox 1286 916 1430 948; x_wconf 86' lang='lat' dir='ltr'><strong>disseret</strong></span> <span class='ocrx_word' id='word_1_119' title='bbox 1454 922 1504 948; x_wconf 87' lang='lat' dir='ltr'><strong>ter</strong></span> <span class='ocrx_word' id='word_1_120' title='bbox 1527 927 1587 959; x_wconf 89' lang='lat' dir='ltr'><strong>per</strong></span> <span class='ocrx_word' id='word_1_121' title='bbox 1610 915 1710 947; x_wconf 88' lang='lat' dir='ltr'><strong>hebd.</strong></span> <span class='ocrx_word' id='word_1_122' title='bbox 1735 916 1767 949; x_wconf 89' lang='lat' dir='ltr'><strong>b.</strong></span> <span class='ocrx_word' id='word_1_123' title='bbox 1791 916 1848 949; x_wconf 90' lang='lat' dir='ltr'><strong>IV.</strong></span> 
     </span>
     <span class='ocr_line' id='line_1_15' title="bbox 68 965 1849 1009; baseline 0.001 -10"><span class='ocrx_word' id='word_1_124' title='bbox 68 965 124 1000; x_wconf 91' lang='lat'><strong>111.</strong></span> <span class='ocrx_word' id='word_1_125' title='bbox 170 966 378 1008; x_wconf 74' lang='lat' dir='ltr'><strong>Operationes</strong></span> <span class='ocrx_word' id='word_1_126' title='bbox 401 968 600 1009; x_wconf 71' lang='lat' dir='ltr'><strong>cbiruryicaa</strong></span> <span class='ocrx_word' id='word_1_127' title='bbox 622 968 656 999; x_wconf 81' lang='lat' dir='ltr'><strong>in</strong></span> <span class='ocrx_word' id='word_1_128' title='bbox 671 969 825 1000; x_wconf 86' lang='lat' dir='ltr'><strong>cadavere</strong></span> <span class='ocrx_word' id='word_1_129' title='bbox 848 969 1040 1000; x_wconf 71' lang='lat' dir='ltr'><strong>emercendas</strong></span> <span class='ocrx_word' id='word_1_130' title='bbox 1065 967 1310 1000; x_wconf 81' lang='lat' dir='ltr'><strong>demonstrabit</strong></span> <span class='ocrx_word' id='word_1_131' title='bbox 1332 969 1411 1009; x_wconf 84' lang='lat' dir='ltr'><strong>(una</strong></span> <span class='ocrx_word' id='word_1_132' title='bbox 1429 979 1502 999; x_wconf 87' lang='lat' dir='ltr'><strong>cum</strong></span> <span class='ocrx_word' id='word_1_133' title='bbox 1522 967 1681 999; x_wconf 83' lang='lat' dir='ltr'><strong>Fischero</strong></span> <span class='ocrx_word' id='word_1_134' title='bbox 1694 968 1730 1000; x_wconf 89' lang='lat' dir='ltr'><strong>P.</strong></span> <span class='ocrx_word' id='word_1_135' title='bbox 1744 966 1779 999; x_wconf 88' lang='lat' dir='ltr'><strong>P.</strong></span> <span class='ocrx_word' id='word_1_136' title='bbox 1794 967 1849 1007; x_wconf 93' lang='grc' dir='ltr'>Ο.)</span> 
     </span>
    </p>
   </div>
   <div class='ocr_carea' id='block_1_7' title="bbox 0 1017 577 1094">
    <p class='ocr_par' dir='ltr' id='par_1_9' title="bbox 0 1017 577 1094">
     <span class='ocr_line' id='line_1_16' title="bbox 0 1017 577 1060; baseline 0.009 -13"><span class='ocrx_word' id='word_1_137' title='bbox 0 1023 6 1047; x_wconf 76' lang='grc' dir='ltr'><strong>-ῑ</strong></span> <span class='ocrx_word' id='word_1_138' title='bbox 68 1021 120 1051; x_wconf 89' lang='lat' dir='ltr'><strong>ter</strong></span> <span class='ocrx_word' id='word_1_139' title='bbox 141 1028 202 1060; x_wconf 88' lang='lat' dir='ltr'><strong>per</strong></span> <span class='ocrx_word' id='word_1_140' title='bbox 223 1017 326 1052; x_wconf 90' lang='lat' dir='ltr'><strong>hebd.</strong></span> <span class='ocrx_word' id='word_1_141' title='bbox 350 1018 383 1052; x_wconf 89' lang='lat' dir='ltr'><strong>h.</strong></span> <span class='ocrx_word' id='word_1_142' title='bbox 410 1018 439 1049; x_wconf 95' lang='lat' dir='ltr'>V</span> <span class='ocrx_word' id='word_1_143' title='bbox 464 1024 497 1050; x_wconf 86' lang='lat' dir='ltr'><strong>et</strong></span> <span class='ocrx_word' id='word_1_144' title='bbox 520 1018 577 1052; x_wconf 91' lang='lat' dir='ltr'><strong>VI.</strong></span> 
     </span>
     <span class='ocr_line' id='line_1_17' title="bbox 0 1070 8 1094; baseline 0 0"><span class='ocrx_word' id='word_1_145' title='bbox 0 1070 8 1094; x_wconf 74' lang='grc' dir='ltr'>ἰ</span> 
     </span>
    </p>
   </div>
   <div class='ocr_carea' id='block_1_8' title="bbox 217 1073 1849 1116">
    <p class='ocr_par' dir='ltr' id='par_1_10' title="bbox 217 1073 1849 1116">
     <span class='ocr_line' id='line_1_18' title="bbox 217 1073 1849 1116; baseline 0 -10"><span class='ocrx_word' id='word_1_146' title='bbox 217 1073 482 1107; x_wconf 86' lang='lat' dir='ltr'><strong>LUDOVICUS</strong></span> <span class='ocrx_word' id='word_1_147' title='bbox 512 1073 632 1111; x_wconf 84' lang='lat' dir='ltr'><strong>HIRT,</strong></span> <span class='ocrx_word' id='word_1_148' title='bbox 668 1074 725 1106; x_wconf 88' lang='lat' dir='ltr'><strong>Dr.</strong></span> <span class='ocrx_word' id='word_1_149' title='bbox 749 1073 784 1106; x_wconf 91' lang='lat' dir='ltr'><strong>P.</strong></span> <span class='ocrx_word' id='word_1_150' title='bbox 810 1074 844 1107; x_wconf 92' lang='lat' dir='ltr'><strong>P.</strong></span> <span class='ocrx_word' id='word_1_151' title='bbox 868 1074 906 1108; x_wconf 87' lang='grc' dir='ltr'><strong>Ε.</strong></span> <span class='ocrx_word' id='word_1_152' title='bbox 958 1074 1131 1106; x_wconf 87' lang='lat' dir='ltr'><strong>Publice</strong></span> <span class='ocrx_word' id='word_1_153' title='bbox 1159 1075 1184 1108; x_wconf 93' lang='lat' dir='ltr'><strong>I.</strong></span> <span class='ocrx_word' id='word_1_154' title='bbox 1235 1075 1348 1116; x_wconf 85' lang='lat' dir='ltr'><strong>Capita</strong></span> <span class='ocrx_word' id='word_1_155' title='bbox 1374 1076 1488 1107; x_wconf 78' lang='lat' dir='ltr'><strong>selecta</strong></span> <span class='ocrx_word' id='word_1_156' title='bbox 1511 1086 1550 1107; x_wconf 73' lang='lat' dir='ltr'><strong>ex</strong></span> <span class='ocrx_word' id='word_1_157' title='bbox 1572 1075 1703 1116; x_wconf 75' lang='lat' dir='ltr'><strong>byyiene</strong></span> <span class='ocrx_word' id='word_1_158' title='bbox 1723 1075 1849 1116; x_wconf 80' lang='lat' dir='ltr'><strong>publica</strong></span> 
     </span>
    </p>
   </div>
   <div class='ocr_carea' id='block_1_9' title="bbox 0 1115 1851 1168">
    <p class='ocr_par' dir='ltr' id='par_1_11' title="bbox 0 1115 1851 1168">
     <span class='ocr_line' id='line_1_19' title="bbox 0 1115 1851 1168; baseline 0.001 -12"><span class='ocrx_word' id='word_1_159' title='bbox 0 1115 5 1154; x_wconf 61' lang='lat' dir='ltr'><strong>ff&#39;</strong></span> <span class='ocrx_word' id='word_1_160' title='bbox 69 1125 215 1157; x_wconf 89' lang='lat' dir='ltr'><strong>omnium</strong></span> <span class='ocrx_word' id='word_1_161' title='bbox 239 1125 393 1157; x_wconf 84' lang='lat' dir='ltr'><strong>ordinum</strong></span> <span class='ocrx_word' id='word_1_162' title='bbox 417 1125 700 1157; x_wconf 82' lang='lat' dir='ltr'><strong>commilitonibus</strong></span> <span class='ocrx_word' id='word_1_163' title='bbox 725 1130 873 1168; x_wconf 85' lang='lat' dir='ltr'><strong>exponet</strong></span> <span class='ocrx_word' id='word_1_164' title='bbox 897 1126 999 1157; x_wconf 85' lang='lat' dir='ltr'><strong>semel</strong></span> <span class='ocrx_word' id='word_1_165' title='bbox 1022 1137 1082 1168; x_wconf 85' lang='lat' dir='ltr'><strong>per</strong></span> <span class='ocrx_word' id='word_1_166' title='bbox 1105 1126 1204 1158; x_wconf 88' lang='lat' dir='ltr'><strong>hebd.</strong></span> <span class='ocrx_word' id='word_1_167' title='bbox 1250 1126 1448 1158; x_wconf 85' lang='lat' dir='ltr'><strong>Privatim</strong></span> <span class='ocrx_word' id='word_1_168' title='bbox 1469 1127 1510 1159; x_wconf 84' lang='lat'><strong>11.</strong></span> <span class='ocrx_word' id='word_1_169' title='bbox 1546 1126 1700 1158; x_wconf 73' lang='lat' dir='ltr'><strong>Clinicum</strong></span> <span class='ocrx_word' id='word_1_170' title='bbox 1723 1129 1751 1159; x_wconf 86' lang='lat' dir='ltr'><strong>et</strong></span> <span class='ocrx_word' id='word_1_171' title='bbox 1770 1126 1851 1168; x_wconf 80' lang='lat' dir='ltr'><strong>poli·</strong></span> 
     </span>
    </p>
   </div>
   <div class='ocr_carea' id='block_1_10' title="bbox 0 1262 20 2009">
    <p class='ocr_par' dir='ltr' id='par_1_12' title="bbox 0 1262 20 2009">
     <span class='ocr_line' id='line_1_20' title="bbox 0 1262 20 2009; textangle 90"><span class='ocrx_word' id='word_1_172' title='bbox 0 1695 20 2009; x_wconf 42' lang='lat' dir='ltr'><strong>&#39;vvffssis&#39;sscaffimssfijk&#39;uffl</strong></span> <span class='ocrx_word' id='word_1_173' title='bbox 0 1646 12 1677; x_wconf 62' lang='lat' dir='ltr'>‘&#39;&#39;v-</span> <span class='ocrx_word' id='word_1_174' title='bbox 0 1588 11 1634; x_wconf 47' lang='lat'><strong>‘2⁴&#39;</strong></span> <span class='ocrx_word' id='word_1_175' title='bbox 7 1575 9 1578; x_wconf 92' lang='lat'><em>-</em></span> <span class='ocrx_word' id='word_1_176' title='bbox 0 1556 6 1566; x_wconf 96' lang='lat'><strong>&#39;·</strong></span> <span class='ocrx_word' id='word_1_177' title='bbox 0 1533 3 1535; x_wconf 82' lang='grc'>’</span> <span class='ocrx_word' id='word_1_178' title='bbox 0 1471 9 1515; x_wconf 56' lang='lat' dir='ltr'><strong>&#39;‘s-‘¹</strong></span> <span class='ocrx_word' id='word_1_179' title='bbox 2 1430 7 1436; x_wconf 90' lang='lat'>&#39;</span> <span class='ocrx_word' id='word_1_180' title='bbox 0 1382 7 1397; x_wconf 61' lang='lat'><strong>&#39;⁴&#39;</strong></span> <span class='ocrx_word' id='word_1_181' title='bbox 2 1344 4 1346; x_wconf 87' lang='grc'><strong>’</strong></span> <span class='ocrx_word' id='word_1_182' title='bbox 0 1301 5 1327; x_wconf 68' lang='grc'><strong>“’“’</strong></span> <span class='ocrx_word' id='word_1_183' title='bbox 0 1262 2 1289; x_wconf 72' lang='grc'><strong>”””</strong></span> 
     </span>
    </p>
   </div>
   <div class='ocr_carea' id='block_1_11' title="bbox 67 1177 1851 2223">
    <p class='ocr_par' dir='ltr' id='par_1_13' title="bbox 67 1177 1443 1218">
     <span class='ocr_line' id='line_1_21' title="bbox 67 1177 1443 1218; baseline 0 -9"><span class='ocrx_word' id='word_1_184' title='bbox 67 1177 213 1210; x_wconf 79' lang='lat' dir='ltr'><strong>clinicmn</strong></span> <span class='ocrx_word' id='word_1_185' title='bbox 244 1177 427 1210; x_wconf 76' lang='lat' dir='ltr'><strong>morborum</strong></span> <span class='ocrx_word' id='word_1_186' title='bbox 450 1178 628 1218; x_wconf 74' lang='lat' dir='ltr'><strong>systematis</strong></span> <span class='ocrx_word' id='word_1_187' title='bbox 650 1179 779 1210; x_wconf 70' lang='lat' dir='ltr'><strong>nervosi</strong></span> <span class='ocrx_word' id='word_1_188' title='bbox 801 1177 1031 1209; x_wconf 82' lang='lat' dir='ltr'><strong>moderabitur</strong></span> <span class='ocrx_word' id='word_1_189' title='bbox 1054 1177 1085 1211; x_wconf 90' lang='lat' dir='ltr'><strong>d.</strong></span> <span class='ocrx_word' id='word_1_190' title='bbox 1110 1178 1179 1210; x_wconf 85' lang='lat' dir='ltr'><strong>Sat.</strong></span> <span class='ocrx_word' id='word_1_191' title='bbox 1203 1178 1236 1211; x_wconf 90' lang='lat' dir='ltr'><strong>h.</strong></span> <span class='ocrx_word' id='word_1_192' title='bbox 1260 1178 1305 1210; x_wconf 90' lang='lat'><strong>111</strong></span> <span class='ocrx_word' id='word_1_193' title='bbox 1331 1183 1363 1209; x_wconf 87' lang='lat' dir='ltr'><strong>et</strong></span> <span class='ocrx_word' id='word_1_194' title='bbox 1385 1178 1443 1210; x_wconf 92' lang='lat' dir='ltr'><strong>IV.</strong></span> 
     </span>
    </p>

    <p class='ocr_par' dir='ltr' id='par_1_14' title="bbox 69 1231 1850 1379">
     <span class='ocr_line' id='line_1_22' title="bbox 220 1231 1850 1275; baseline -0.001 -10"><span class='ocrx_word' id='word_1_195' title='bbox 220 1231 370 1265; x_wconf 85' lang='lat' dir='ltr'>IULIUS</span> <span class='ocrx_word' id='word_1_196' title='bbox 394 1232 759 1270; x_wconf 72' lang='lat' dir='ltr'><strong>SOMMERBROD&#39;r,</strong></span> <span class='ocrx_word' id='word_1_197' title='bbox 784 1233 842 1267; x_wconf 93' lang='lat' dir='ltr'><strong>Dr.</strong></span> <span class='ocrx_word' id='word_1_198' title='bbox 864 1233 899 1266; x_wconf 89' lang='lat' dir='ltr'><strong>P.</strong></span> <span class='ocrx_word' id='word_1_199' title='bbox 917 1233 951 1266; x_wconf 90' lang='lat' dir='ltr'><strong>P.</strong></span> <span class='ocrx_word' id='word_1_200' title='bbox 976 1234 1014 1267; x_wconf 86' lang='lat' dir='ltr'><strong>E.</strong></span> <span class='ocrx_word' id='word_1_201' title='bbox 1050 1233 1221 1265; x_wconf 86' lang='lat' dir='ltr'><strong>Publice</strong></span> <span class='ocrx_word' id='word_1_202' title='bbox 1244 1233 1268 1266; x_wconf 91' lang='grc' dir='ltr'>Ι.</span> <span class='ocrx_word' id='word_1_203' title='bbox 1304 1234 1351 1266; x_wconf 89' lang='lat' dir='ltr'><strong>De</strong></span> <span class='ocrx_word' id='word_1_204' title='bbox 1369 1234 1467 1275; x_wconf 75' lang='lat' dir='ltr'><strong>pulsu</strong></span> <span class='ocrx_word' id='word_1_205' title='bbox 1490 1234 1682 1265; x_wconf 82' lang='lat' dir='ltr'><strong>arteriarum</strong></span> <span class='ocrx_word' id='word_1_206' title='bbox 1706 1232 1850 1264; x_wconf 85' lang='lat' dir='ltr'><strong>disseret</strong></span> 
     </span>
     <span class='ocr_line' id='line_1_23' title="bbox 69 1283 1850 1327; baseline -0.001 -11"><span class='ocrx_word' id='word_1_207' title='bbox 69 1283 173 1316; x_wconf 84' lang='lat' dir='ltr'><strong>semel</strong></span> <span class='ocrx_word' id='word_1_208' title='bbox 195 1294 256 1327; x_wconf 88' lang='lat' dir='ltr'><strong>per</strong></span> <span class='ocrx_word' id='word_1_209' title='bbox 278 1283 379 1316; x_wconf 89' lang='lat' dir='ltr'><strong>hebd.</strong></span> <span class='ocrx_word' id='word_1_210' title='bbox 424 1284 622 1316; x_wconf 82' lang='lat' dir='ltr'><strong>Privatim</strong></span> <span class='ocrx_word' id='word_1_211' title='bbox 651 1284 692 1317; x_wconf 88' lang='lat' dir='ltr'><strong>II.</strong></span> <span class='ocrx_word' id='word_1_212' title='bbox 737 1285 955 1326; x_wconf 77' lang='lat' dir='ltr'><strong>Patholoyiam</strong></span> <span class='ocrx_word' id='word_1_213' title='bbox 983 1289 1011 1318; x_wconf 88' lang='lat' dir='ltr'><strong>et</strong></span> <span class='ocrx_word' id='word_1_214' title='bbox 1033 1285 1208 1327; x_wconf 77' lang='lat' dir='ltr'><strong>therapium</strong></span> <span class='ocrx_word' id='word_1_215' title='bbox 1229 1285 1411 1317; x_wconf 76' lang='lat' dir='ltr'><strong>morborum</strong></span> <span class='ocrx_word' id='word_1_216' title='bbox 1433 1285 1506 1317; x_wconf 85' lang='lat' dir='ltr'><strong>colli</strong></span> <span class='ocrx_word' id='word_1_217' title='bbox 1527 1288 1556 1316; x_wconf 89' lang='lat' dir='ltr'><strong>et</strong></span> <span class='ocrx_word' id='word_1_218' title='bbox 1578 1284 1717 1317; x_wconf 71' lang='lat' dir='ltr'><strong>thoracis</strong></span> <span class='ocrx_word' id='word_1_219' title='bbox 1740 1283 1850 1316; x_wconf 83' lang='lat' dir='ltr'><strong>tradet</strong></span> 
     </span>
     <span class='ocr_line' id='line_1_24' title="bbox 71 1335 397 1379; baseline 0.003 -12"><span class='ocrx_word' id='word_1_220' title='bbox 71 1339 191 1379; x_wconf 84' lang='lat' dir='ltr'><strong>quater</strong></span> <span class='ocrx_word' id='word_1_221' title='bbox 212 1346 274 1379; x_wconf 90' lang='lat' dir='ltr'><strong>per</strong></span> <span class='ocrx_word' id='word_1_222' title='bbox 295 1335 397 1369; x_wconf 91' lang='lat' dir='ltr'><strong>hebd.</strong></span> 
     </span>
    </p>

    <p class='ocr_par' dir='ltr' id='par_1_15' title="bbox 67 1390 1851 1537">
     <span class='ocr_line' id='line_1_25' title="bbox 219 1390 1851 1433; baseline 0 -10"><span class='ocrx_word' id='word_1_223' title='bbox 219 1390 459 1424; x_wconf 78' lang='lat' dir='ltr'>ALBERTUS</span> <span class='ocrx_word' id='word_1_224' title='bbox 483 1391 688 1428; x_wconf 77' lang='lat' dir='ltr'><strong>NEISSER.</strong></span> <span class='ocrx_word' id='word_1_225' title='bbox 711 1391 770 1424; x_wconf 87' lang='lat' dir='ltr'><strong>Dr.</strong></span> <span class='ocrx_word' id='word_1_226' title='bbox 795 1391 829 1425; x_wconf 88' lang='lat' dir='ltr'><strong>P.</strong></span> <span class='ocrx_word' id='word_1_227' title='bbox 853 1390 888 1424; x_wconf 92' lang='lat' dir='ltr'><strong>P.</strong></span> <span class='ocrx_word' id='word_1_228' title='bbox 914 1390 954 1424; x_wconf 94' lang='lat' dir='ltr'><strong>O.</strong></span> <span class='ocrx_word' id='word_1_229' title='bbox 1000 1391 1172 1423; x_wconf 87' lang='lat' dir='ltr'><strong>Publice</strong></span> <span class='ocrx_word' id='word_1_230' title='bbox 1196 1391 1221 1424; x_wconf 92' lang='lat'><strong>1.</strong></span> <span class='ocrx_word' id='word_1_231' title='bbox 1259 1391 1478 1432; x_wconf 76' lang='lat' dir='ltr'><strong>Patholoyiam</strong></span> <span class='ocrx_word' id='word_1_232' title='bbox 1501 1394 1529 1423; x_wconf 88' lang='lat' dir='ltr'><strong>et</strong></span> <span class='ocrx_word' id='word_1_233' title='bbox 1552 1391 1727 1433; x_wconf 73' lang='lat' dir='ltr'><strong>therapium</strong></span> <span class='ocrx_word' id='word_1_234' title='bbox 1748 1392 1851 1424; x_wconf 85' lang='lat' dir='ltr'><strong>morbi</strong></span> 
     </span>
     <span class='ocr_line' id='line_1_26' title="bbox 69 1442 1848 1484; baseline 0 -9"><span class='ocrx_word' id='word_1_235' title='bbox 69 1442 239 1484; x_wconf 75' lang='lat' dir='ltr'><strong>syphilitici</strong></span> <span class='ocrx_word' id='word_1_236' title='bbox 266 1442 404 1475; x_wconf 87' lang='lat' dir='ltr'><strong>docebit</strong></span> <span class='ocrx_word' id='word_1_237' title='bbox 433 1443 465 1476; x_wconf 89' lang='lat' dir='ltr'><strong>d.</strong></span> <span class='ocrx_word' id='word_1_238' title='bbox 494 1443 565 1477; x_wconf 87' lang='lat' dir='ltr'><strong>Sat.</strong></span> <span class='ocrx_word' id='word_1_239' title='bbox 594 1443 627 1477; x_wconf 88' lang='lat' dir='ltr'><strong>h.</strong></span> <span class='ocrx_word' id='word_1_240' title='bbox 651 1443 710 1476; x_wconf 88' lang='lat' dir='ltr'><strong>XI.</strong></span> <span class='ocrx_word' id='word_1_241' title='bbox 759 1443 956 1475; x_wconf 85' lang='lat' dir='ltr'><strong>Privatim</strong></span> <span class='ocrx_word' id='word_1_242' title='bbox 985 1442 1025 1476; x_wconf 92' lang='lat' dir='ltr'><strong>II.</strong></span> <span class='ocrx_word' id='word_1_243' title='bbox 1054 1443 1232 1475; x_wconf 79' lang='lat' dir='ltr'><strong>-C&#39;linicum</strong></span> <span class='ocrx_word' id='word_1_244' title='bbox 1257 1446 1285 1475; x_wconf 84' lang='lat' dir='ltr'><strong>et</strong></span> <span class='ocrx_word' id='word_1_245' title='bbox 1309 1443 1522 1484; x_wconf 82' lang='lat' dir='ltr'><strong>policlinicum</strong></span> <span class='ocrx_word' id='word_1_246' title='bbox 1550 1443 1731 1475; x_wconf 74' lang='lat' dir='ltr'><strong>morborum</strong></span> <span class='ocrx_word' id='word_1_247' title='bbox 1764 1447 1848 1475; x_wconf 83' lang='lat' dir='ltr'><strong>cuta-</strong></span> 
     </span>
     <span class='ocr_line' id='line_1_27' title="bbox 67 1493 1416 1537; baseline -0.001 -10"><span class='ocrx_word' id='word_1_248' title='bbox 67 1504 200 1527; x_wconf 82' lang='lat' dir='ltr'><strong>neorum</strong></span> <span class='ocrx_word' id='word_1_249' title='bbox 221 1498 250 1526; x_wconf 80' lang='lat' dir='ltr'><strong>et</strong></span> <span class='ocrx_word' id='word_1_250' title='bbox 272 1505 476 1527; x_wconf 84' lang='lat' dir='ltr'><strong>venerearum</strong></span> <span class='ocrx_word' id='word_1_251' title='bbox 499 1494 729 1527; x_wconf 86' lang='lat' dir='ltr'><strong>moderabitur</strong></span> <span class='ocrx_word' id='word_1_252' title='bbox 746 1494 778 1528; x_wconf 87' lang='lat' dir='ltr'><strong>d.</strong></span> <span class='ocrx_word' id='word_1_253' title='bbox 801 1495 885 1527; x_wconf 88' lang='lat' dir='ltr'><strong>Lun.</strong></span> <span class='ocrx_word' id='word_1_254' title='bbox 911 1495 1014 1527; x_wconf 83' lang='lat' dir='ltr'><strong>Mero.</strong></span> <span class='ocrx_word' id='word_1_255' title='bbox 1038 1495 1108 1527; x_wconf 89' lang='lat' dir='ltr'><strong>Iov.</strong></span> <span class='ocrx_word' id='word_1_256' title='bbox 1133 1494 1164 1527; x_wconf 95' lang='lat' dir='ltr'><strong>h.</strong></span> <span class='ocrx_word' id='word_1_257' title='bbox 1189 1493 1416 1537; x_wconf 60' lang='grc' dir='ltr'><strong>ΙΧἋ-ΧἺΨ</strong></span> 
     </span>
    </p>

    <p class='ocr_par' dir='ltr' id='par_1_16' title="bbox 67 1549 1850 1695">
     <span class='ocr_line' id='line_1_28' title="bbox 221 1549 1850 1590; baseline -0.001 -8"><span class='ocrx_word' id='word_1_258' title='bbox 221 1549 348 1582; x_wconf 87' lang='lat' dir='ltr'>OTTO</span> <span class='ocrx_word' id='word_1_259' title='bbox 373 1549 643 1587; x_wconf 84' lang='lat' dir='ltr'><strong>SOLTMANN,</strong></span> <span class='ocrx_word' id='word_1_260' title='bbox 668 1550 723 1584; x_wconf 88' lang='lat' dir='ltr'><strong>Dr.</strong></span> <span class='ocrx_word' id='word_1_261' title='bbox 749 1550 783 1582; x_wconf 87' lang='lat' dir='ltr'><strong>P.</strong></span> <span class='ocrx_word' id='word_1_262' title='bbox 807 1550 842 1582; x_wconf 89' lang='lat' dir='ltr'><strong>P.</strong></span> <span class='ocrx_word' id='word_1_263' title='bbox 868 1550 906 1582; x_wconf 86' lang='lat' dir='ltr'><strong>E.</strong></span> <span class='ocrx_word' id='word_1_264' title='bbox 951 1550 1124 1582; x_wconf 89' lang='lat' dir='ltr'><strong>Publice</strong></span> <span class='ocrx_word' id='word_1_265' title='bbox 1147 1551 1172 1583; x_wconf 90' lang='lat' dir='ltr'>L</span> <span class='ocrx_word' id='word_1_266' title='bbox 1210 1551 1258 1582; x_wconf 92' lang='lat' dir='ltr'><strong>De</strong></span> <span class='ocrx_word' id='word_1_267' title='bbox 1280 1551 1423 1582; x_wconf 84' lang='lat' dir='ltr'><strong>naturali</strong></span> <span class='ocrx_word' id='word_1_268' title='bbox 1444 1554 1472 1582; x_wconf 86' lang='lat' dir='ltr'><strong>et</strong></span> <span class='ocrx_word' id='word_1_269' title='bbox 1495 1550 1657 1590; x_wconf 73' lang='lat' dir='ltr'><strong>artificiali</strong></span> <span class='ocrx_word' id='word_1_270' title='bbox 1678 1549 1850 1588; x_wconf 84' lang='lat' dir='ltr'><strong>infantium</strong></span> 
     </span>
     <span class='ocr_line' id='line_1_29' title="bbox 67 1600 1850 1642; baseline -0.002 -8"><span class='ocrx_word' id='word_1_271' title='bbox 67 1602 239 1634; x_wconf 73' lang='lat' dir='ltr'><strong>nutritione</strong></span> <span class='ocrx_word' id='word_1_272' title='bbox 260 1612 326 1634; x_wconf 86' lang='lat' dir='ltr'><strong>una</strong></span> <span class='ocrx_word' id='word_1_273' title='bbox 349 1612 419 1634; x_wconf 85' lang='lat' dir='ltr'><strong>cum</strong></span> <span class='ocrx_word' id='word_1_274' title='bbox 441 1602 763 1635; x_wconf 75' lang='lat' dir='ltr'><strong>demonstrationibus</strong></span> <span class='ocrx_word' id='word_1_275' title='bbox 787 1601 931 1633; x_wconf 87' lang='lat' dir='ltr'><strong>disseret</strong></span> <span class='ocrx_word' id='word_1_276' title='bbox 955 1601 987 1634; x_wconf 91' lang='lat' dir='ltr'><strong>d.</strong></span> <span class='ocrx_word' id='word_1_277' title='bbox 1006 1601 1089 1633; x_wconf 90' lang='lat' dir='ltr'><strong>Lun.</strong></span> <span class='ocrx_word' id='word_1_278' title='bbox 1108 1601 1138 1634; x_wconf 91' lang='lat' dir='ltr'><strong>h.</strong></span> <span class='ocrx_word' id='word_1_279' title='bbox 1155 1601 1195 1634; x_wconf 91' lang='lat' dir='ltr'><strong>V.</strong></span> <span class='ocrx_word' id='word_1_280' title='bbox 1240 1601 1437 1633; x_wconf 82' lang='lat' dir='ltr'><strong>Privatim</strong></span> <span class='ocrx_word' id='word_1_281' title='bbox 1463 1600 1501 1634; x_wconf 85' lang='lat' dir='ltr'><strong>ll.</strong></span> <span class='ocrx_word' id='word_1_282' title='bbox 1541 1601 1697 1633; x_wconf 80' lang='lat' dir='ltr'><strong>Clinicum</strong></span> <span class='ocrx_word' id='word_1_283' title='bbox 1719 1604 1748 1633; x_wconf 83' lang='lat' dir='ltr'><strong>et</strong></span> <span class='ocrx_word' id='word_1_284' title='bbox 1767 1601 1850 1642; x_wconf 80' lang='lat' dir='ltr'><strong>poli·</strong></span> 
     </span>
     <span class='ocr_line' id='line_1_30' title="bbox 69 1652 1318 1695; baseline 0.001 -10"><span class='ocrx_word' id='word_1_285' title='bbox 69 1653 214 1686; x_wconf 81' lang='lat' dir='ltr'><strong>clinicum</strong></span> <span class='ocrx_word' id='word_1_286' title='bbox 234 1654 468 1695; x_wconf 80' lang='lat' dir='ltr'><strong>paediatricum</strong></span> <span class='ocrx_word' id='word_1_287' title='bbox 493 1653 722 1686; x_wconf 81' lang='lat' dir='ltr'><strong>moderabitur</strong></span> <span class='ocrx_word' id='word_1_288' title='bbox 746 1653 778 1686; x_wconf 90' lang='lat' dir='ltr'><strong>d.</strong></span> <span class='ocrx_word' id='word_1_289' title='bbox 802 1653 900 1685; x_wconf 86' lang='lat' dir='ltr'><strong>Mart.</strong></span> <span class='ocrx_word' id='word_1_290' title='bbox 926 1658 958 1685; x_wconf 89' lang='lat' dir='ltr'><strong>et</strong></span> <span class='ocrx_word' id='word_1_291' title='bbox 981 1653 1066 1686; x_wconf 90' lang='lat' dir='ltr'><strong>Ven.</strong></span> <span class='ocrx_word' id='word_1_292' title='bbox 1091 1653 1122 1687; x_wconf 90' lang='lat' dir='ltr'><strong>h.</strong></span> <span class='ocrx_word' id='word_1_293' title='bbox 1151 1652 1179 1683; x_wconf 92' lang='lat' dir='ltr'>V</span> <span class='ocrx_word' id='word_1_294' title='bbox 1204 1657 1236 1684; x_wconf 90' lang='lat' dir='ltr'><strong>et</strong></span> <span class='ocrx_word' id='word_1_295' title='bbox 1262 1652 1318 1686; x_wconf 85' lang='lat' dir='ltr'><strong>VI.</strong></span> 
     </span>
    </p>

    <p class='ocr_par' dir='ltr' id='par_1_17' title="bbox 67 1707 1851 1853">
     <span class='ocr_line' id='line_1_31' title="bbox 222 1707 1851 1746; baseline -0.001 -7"><span class='ocrx_word' id='word_1_296' title='bbox 222 1707 352 1740; x_wconf 91' lang='lat' dir='ltr'>HUGO</span> <span class='ocrx_word' id='word_1_297' title='bbox 382 1708 583 1746; x_wconf 89' lang='lat' dir='ltr'>MAGNUS,</span> <span class='ocrx_word' id='word_1_298' title='bbox 612 1709 670 1742; x_wconf 88' lang='lat' dir='ltr'><strong>Dr.</strong></span> <span class='ocrx_word' id='word_1_299' title='bbox 703 1710 741 1742; x_wconf 92' lang='lat' dir='ltr'><strong>P.</strong></span> <span class='ocrx_word' id='word_1_300' title='bbox 768 1710 806 1741; x_wconf 90' lang='lat' dir='ltr'><strong>P.</strong></span> <span class='ocrx_word' id='word_1_301' title='bbox 836 1709 874 1741; x_wconf 86' lang='lat' dir='ltr'><strong>E.</strong></span> <span class='ocrx_word' id='word_1_302' title='bbox 920 1708 1094 1740; x_wconf 89' lang='lat' dir='ltr'><strong>Publice</strong></span> <span class='ocrx_word' id='word_1_303' title='bbox 1127 1708 1151 1741; x_wconf 93' lang='grc' dir='ltr'>Ι.</span> <span class='ocrx_word' id='word_1_304' title='bbox 1185 1709 1439 1740; x_wconf 73' lang='lat' dir='ltr'><strong>Exercitationes</strong></span> <span class='ocrx_word' id='word_1_305' title='bbox 1467 1709 1598 1741; x_wconf 70' lang='lat' dir='ltr'><strong>clinicos</strong></span> <span class='ocrx_word' id='word_1_306' title='bbox 1621 1707 1851 1739; x_wconf 80' lang='lat' dir='ltr'><strong>moderabitur</strong></span> 
     </span>
     <span class='ocr_line' id='line_1_32' title="bbox 69 1754 1849 1802; baseline -0.001 -11"><span class='ocrx_word' id='word_1_307' title='bbox 69 1758 120 1791; x_wconf 87' lang='lat' dir='ltr'><strong>bis</strong></span> <span class='ocrx_word' id='word_1_308' title='bbox 143 1770 202 1802; x_wconf 87' lang='lat' dir='ltr'><strong>per</strong></span> <span class='ocrx_word' id='word_1_309' title='bbox 223 1759 325 1793; x_wconf 91' lang='lat' dir='ltr'><strong>hebd.</strong></span> <span class='ocrx_word' id='word_1_310' title='bbox 368 1754 565 1792; x_wconf 76' lang='lat' dir='ltr'><strong>Privatim</strong></span> <span class='ocrx_word' id='word_1_311' title='bbox 595 1760 636 1792; x_wconf 90' lang='grc' dir='ltr'>ΙΙ.</span> <span class='ocrx_word' id='word_1_312' title='bbox 679 1761 934 1793; x_wconf 71' lang='lat' dir='ltr'><strong>Eoeercitationes</strong></span> <span class='ocrx_word' id='word_1_313' title='bbox 964 1760 1287 1801; x_wconf 72' lang='lat' dir='ltr'><strong>ophthalmoscopicas</strong></span> <span class='ocrx_word' id='word_1_314' title='bbox 1317 1758 1544 1791; x_wconf 84' lang='lat' dir='ltr'><strong>moderabitur</strong></span> <span class='ocrx_word' id='word_1_315' title='bbox 1578 1759 1629 1790; x_wconf 90' lang='lat' dir='ltr'><strong>bis</strong></span> <span class='ocrx_word' id='word_1_316' title='bbox 1658 1770 1719 1800; x_wconf 86' lang='lat' dir='ltr'><strong>per</strong></span> <span class='ocrx_word' id='word_1_317' title='bbox 1748 1758 1849 1791; x_wconf 90' lang='lat' dir='ltr'><strong>hebd.</strong></span> 
     </span>
     <span class='ocr_line' id='line_1_33' title="bbox 67 1810 1142 1853; baseline -0.001 -10"><span class='ocrx_word' id='word_1_318' title='bbox 67 1811 125 1843; x_wconf 87' lang='lat'><strong>111.</strong></span> <span class='ocrx_word' id='word_1_319' title='bbox 170 1811 331 1843; x_wconf 73' lang='lat' dir='ltr'><strong>Examina</strong></span> <span class='ocrx_word' id='word_1_320' title='bbox 344 1811 549 1851; x_wconf 84' lang='lat' dir='ltr'><strong>functionum</strong></span> <span class='ocrx_word' id='word_1_321' title='bbox 572 1812 655 1844; x_wconf 85' lang='lat' dir='ltr'><strong>oculi</strong></span> <span class='ocrx_word' id='word_1_322' title='bbox 676 1811 830 1843; x_wconf 86' lang='lat' dir='ltr'><strong>instituet</strong></span> <span class='ocrx_word' id='word_1_323' title='bbox 853 1811 905 1842; x_wconf 88' lang='lat' dir='ltr'><strong>bis</strong></span> <span class='ocrx_word' id='word_1_324' title='bbox 929 1821 989 1853; x_wconf 88' lang='lat' dir='ltr'><strong>per</strong></span> <span class='ocrx_word' id='word_1_325' title='bbox 1013 1810 1116 1843; x_wconf 89' lang='lat' dir='ltr'><strong>hebd.</strong></span> <span class='ocrx_word' id='word_1_326' title='bbox 1137 1845 1142 1851; x_wconf 54' lang='grc'><em>,</em></span> 
     </span>
    </p>

    <p class='ocr_par' dir='ltr' id='par_1_18' title="bbox 67 1865 1851 2011">
     <span class='ocr_line' id='line_1_34' title="bbox 221 1865 1851 1908; baseline 0 -10"><span class='ocrx_word' id='word_1_327' title='bbox 221 1865 465 1899; x_wconf 84' lang='lat' dir='ltr'><strong>GUSTAVUS</strong></span> <span class='ocrx_word' id='word_1_328' title='bbox 490 1866 625 1904; x_wconf 87' lang='lat' dir='ltr'>BORN,</span> <span class='ocrx_word' id='word_1_329' title='bbox 650 1866 709 1900; x_wconf 89' lang='lat' dir='ltr'><strong>Dr.</strong></span> <span class='ocrx_word' id='word_1_330' title='bbox 724 1867 760 1900; x_wconf 93' lang='lat' dir='ltr'><strong>P.</strong></span> <span class='ocrx_word' id='word_1_331' title='bbox 776 1868 812 1899; x_wconf 89' lang='lat' dir='ltr'><strong>P.</strong></span> <span class='ocrx_word' id='word_1_332' title='bbox 830 1866 868 1899; x_wconf 86' lang='grc' dir='ltr'>Ε.</span> <span class='ocrx_word' id='word_1_333' title='bbox 902 1866 1069 1898; x_wconf 91' lang='lat' dir='ltr'><strong>Publice</strong></span> <span class='ocrx_word' id='word_1_334' title='bbox 1087 1866 1110 1898; x_wconf 88' lang='grc' dir='ltr'>Ι.</span> <span class='ocrx_word' id='word_1_335' title='bbox 1142 1867 1190 1898; x_wconf 87' lang='lat' dir='ltr'><strong>De</strong></span> <span class='ocrx_word' id='word_1_336' title='bbox 1205 1867 1257 1899; x_wconf 82' lang='lat' dir='ltr'><strong>ovi</strong></span> <span class='ocrx_word' id='word_1_337' title='bbox 1272 1867 1454 1898; x_wconf 73' lang='lat' dir='ltr'><strong>velamentis</strong></span> <span class='ocrx_word' id='word_1_338' title='bbox 1464 1866 1673 1908; x_wconf 78' lang='lat' dir='ltr'><strong>placeneaque</strong></span> <span class='ocrx_word' id='word_1_339' title='bbox 1689 1867 1723 1897; x_wconf 85' lang='lat' dir='ltr'><strong>in</strong></span> <span class='ocrx_word' id='word_1_340' title='bbox 1738 1866 1851 1898; x_wconf 79' lang='lat' dir='ltr'><strong>ordine</strong></span> 
     </span>
     <span class='ocr_line' id='line_1_35' title="bbox 67 1917 1850 1960; baseline -0.001 -10"><span class='ocrx_word' id='word_1_341' title='bbox 67 1917 282 1950; x_wconf 73' lang='lat' dir='ltr'><strong>mammutium</strong></span> <span class='ocrx_word' id='word_1_342' title='bbox 310 1921 339 1950; x_wconf 82' lang='lat' dir='ltr'><strong>et</strong></span> <span class='ocrx_word' id='word_1_343' title='bbox 366 1918 401 1950; x_wconf 85' lang='lat' dir='ltr'><strong>in</strong></span> <span class='ocrx_word' id='word_1_344' title='bbox 428 1918 552 1950; x_wconf 80' lang='lat' dir='ltr'><strong>bomine</strong></span> <span class='ocrx_word' id='word_1_345' title='bbox 581 1917 723 1950; x_wconf 86' lang='lat' dir='ltr'><strong>disseret</strong></span> <span class='ocrx_word' id='word_1_346' title='bbox 753 1918 856 1949; x_wconf 86' lang='lat' dir='ltr'><strong>semel</strong></span> <span class='ocrx_word' id='word_1_347' title='bbox 880 1928 941 1960; x_wconf 88' lang='lat' dir='ltr'><strong>per</strong></span> <span class='ocrx_word' id='word_1_348' title='bbox 969 1917 1070 1951; x_wconf 87' lang='lat' dir='ltr'><strong>hebd.</strong></span> <span class='ocrx_word' id='word_1_349' title='bbox 1117 1917 1313 1950; x_wconf 85' lang='lat' dir='ltr'><strong>Privatim</strong></span> <span class='ocrx_word' id='word_1_350' title='bbox 1341 1918 1381 1951; x_wconf 86' lang='lat'><strong>11.</strong></span> <span class='ocrx_word' id='word_1_351' title='bbox 1429 1917 1642 1958; x_wconf 72' lang='lat' dir='ltr'><strong>Ontoyenesin</strong></span> <span class='ocrx_word' id='word_1_352' title='bbox 1663 1918 1799 1949; x_wconf 69' lang='lat' dir='ltr'><strong>hominis</strong></span> <span class='ocrx_word' id='word_1_353' title='bbox 1822 1922 1850 1949; x_wconf 80' lang='lat' dir='ltr'><strong>et</strong></span> 
     </span>
     <span class='ocr_line' id='line_1_36' title="bbox 68 1968 1337 2011; baseline 0 -11"><span class='ocrx_word' id='word_1_354' title='bbox 68 1969 254 2001; x_wconf 83' lang='lat' dir='ltr'><strong>animalium</strong></span> <span class='ocrx_word' id='word_1_355' title='bbox 276 1969 524 2001; x_wconf 79' lang='lat' dir='ltr'><strong>vertebratorum</strong></span> <span class='ocrx_word' id='word_1_356' title='bbox 547 1970 725 2010; x_wconf 77' lang='lat' dir='ltr'><strong>superioris</strong></span> <span class='ocrx_word' id='word_1_357' title='bbox 748 1970 872 2002; x_wconf 78' lang='lat' dir='ltr'><strong>ordinis</strong></span> <span class='ocrx_word' id='word_1_358' title='bbox 896 1969 1056 2001; x_wconf 86' lang='lat' dir='ltr'><strong>tractabit</strong></span> <span class='ocrx_word' id='word_1_359' title='bbox 1078 1969 1130 2000; x_wconf 89' lang='lat' dir='ltr'><strong>bis</strong></span> <span class='ocrx_word' id='word_1_360' title='bbox 1153 1980 1213 2011; x_wconf 88' lang='lat' dir='ltr'><strong>per</strong></span> <span class='ocrx_word' id='word_1_361' title='bbox 1236 1968 1337 2001; x_wconf 84' lang='lat' dir='ltr'><strong>hebd.</strong></span> 
     </span>
    </p>

    <p class='ocr_par' dir='ltr' id='par_1_19' title="bbox 68 2023 1851 2160">
     <span class='ocr_line' id='line_1_37' title="bbox 222 2023 1850 2064; baseline 0 -8"><span class='ocrx_word' id='word_1_362' title='bbox 222 2023 430 2056; x_wconf 85' lang='lat' dir='ltr'>CAROLUS</span> <span class='ocrx_word' id='word_1_363' title='bbox 448 2024 707 2061; x_wconf 81' lang='lat' dir='ltr'><strong>WERNICKE,</strong></span> <span class='ocrx_word' id='word_1_364' title='bbox 734 2025 790 2057; x_wconf 90' lang='lat' dir='ltr'><strong>Dr.</strong></span> <span class='ocrx_word' id='word_1_365' title='bbox 807 2026 843 2057; x_wconf 91' lang='lat' dir='ltr'><strong>P.</strong></span> <span class='ocrx_word' id='word_1_366' title='bbox 859 2024 895 2058; x_wconf 89' lang='lat' dir='ltr'><strong>P.</strong></span> <span class='ocrx_word' id='word_1_367' title='bbox 912 2025 952 2058; x_wconf 88' lang='lat' dir='ltr'><strong>E.</strong></span> <span class='ocrx_word' id='word_1_368' title='bbox 987 2025 1161 2057; x_wconf 84' lang='lat' dir='ltr'><strong>Publice</strong></span> <span class='ocrx_word' id='word_1_369' title='bbox 1184 2025 1210 2058; x_wconf 90' lang='grc' dir='ltr'><strong>Ι.</strong></span> <span class='ocrx_word' id='word_1_370' title='bbox 1254 2024 1454 2057; x_wconf 82' lang='lat' dir='ltr'><strong>Structuram</strong></span> <span class='ocrx_word' id='word_1_371' title='bbox 1478 2028 1506 2056; x_wconf 75' lang='lat' dir='ltr'><strong>et</strong></span> <span class='ocrx_word' id='word_1_372' title='bbox 1520 2025 1706 2064; x_wconf 72' lang='lat' dir='ltr'><strong>functiones</strong></span> <span class='ocrx_word' id='word_1_373' title='bbox 1729 2024 1850 2056; x_wconf 85' lang='lat' dir='ltr'><strong>cerebri</strong></span> 
     </span>
     <span class='ocr_line' id='line_1_38' title="bbox 68 2074 1851 2118; baseline -0.001 -10"><span class='ocrx_word' id='word_1_374' title='bbox 68 2075 236 2108; x_wconf 78' lang='lat' dir='ltr'><strong>tractabit.</strong></span> <span class='ocrx_word' id='word_1_375' title='bbox 280 2075 477 2107; x_wconf 81' lang='lat' dir='ltr'><strong>Privatim</strong></span> <span class='ocrx_word' id='word_1_376' title='bbox 501 2075 541 2109; x_wconf 87' lang='lat'><strong>11.</strong></span> <span class='ocrx_word' id='word_1_377' title='bbox 588 2076 740 2108; x_wconf 81' lang='lat' dir='ltr'><strong>Clinicum</strong></span> <span class='ocrx_word' id='word_1_378' title='bbox 771 2077 951 2109; x_wconf 85' lang='lat' dir='ltr'><strong>morborum</strong></span> <span class='ocrx_word' id='word_1_379' title='bbox 978 2077 1201 2118; x_wconf 75' lang='lat' dir='ltr'><strong>psychicorum</strong></span> <span class='ocrx_word' id='word_1_380' title='bbox 1224 2080 1252 2108; x_wconf 91' lang='lat' dir='ltr'><strong>et</strong></span> <span class='ocrx_word' id='word_1_381' title='bbox 1274 2077 1449 2117; x_wconf 74' lang='lat' dir='ltr'><strong>systematis</strong></span> <span class='ocrx_word' id='word_1_382' title='bbox 1471 2076 1600 2107; x_wconf 82' lang='lat' dir='ltr'><strong>nervosi</strong></span> <span class='ocrx_word' id='word_1_383' title='bbox 1621 2074 1851 2107; x_wconf 82' lang='lat' dir='ltr'><strong>moderabitur</strong></span> 
     </span>
     <span class='ocr_line' id='line_1_39' title="bbox 70 2126 672 2160; baseline 0 0"><span class='ocrx_word' id='word_1_384' title='bbox 70 2126 102 2160; x_wconf 88' lang='lat' dir='ltr'><strong>d.</strong></span> <span class='ocrx_word' id='word_1_385' title='bbox 124 2126 223 2160; x_wconf 85' lang='lat' dir='ltr'><strong>Mart.</strong></span> <span class='ocrx_word' id='word_1_386' title='bbox 248 2130 282 2158; x_wconf 83' lang='lat' dir='ltr'><strong>et</strong></span> <span class='ocrx_word' id='word_1_387' title='bbox 303 2126 389 2160; x_wconf 93' lang='lat' dir='ltr'><strong>Ven.</strong></span> <span class='ocrx_word' id='word_1_388' title='bbox 412 2126 446 2160; x_wconf 89' lang='lat' dir='ltr'><strong>h.</strong></span> <span class='ocrx_word' id='word_1_389' title='bbox 470 2126 517 2158; x_wconf 91' lang='lat' dir='ltr'><strong>Xl</strong></span> <span class='ocrx_word' id='word_1_390' title='bbox 542 2131 576 2159; x_wconf 88' lang='lat' dir='ltr'><strong>et</strong></span> <span class='ocrx_word' id='word_1_391' title='bbox 597 2128 672 2160; x_wconf 87' lang='lat' dir='ltr'><strong>XII.</strong></span> 
     </span>
    </p>

    <p class='ocr_par' dir='ltr' id='par_1_20' title="bbox 221 2181 1850 2223">
     <span class='ocr_line' id='line_1_40' title="bbox 221 2181 1850 2223; baseline 0 -9"><span class='ocrx_word' id='word_1_392' title='bbox 221 2181 483 2215; x_wconf 89' lang='lat' dir='ltr'><strong>GUILELMUS</strong></span> <span class='ocrx_word' id='word_1_393' title='bbox 501 2182 640 2219; x_wconf 82' lang='lat' dir='ltr'>ROUX,</span> <span class='ocrx_word' id='word_1_394' title='bbox 664 2182 721 2216; x_wconf 89' lang='lat' dir='ltr'><strong>Dr.</strong></span> <span class='ocrx_word' id='word_1_395' title='bbox 744 2183 780 2216; x_wconf 91' lang='lat' dir='ltr'><strong>P.</strong></span> <span class='ocrx_word' id='word_1_396' title='bbox 804 2183 840 2215; x_wconf 92' lang='lat' dir='ltr'><strong>P.</strong></span> <span class='ocrx_word' id='word_1_397' title='bbox 869 2183 908 2215; x_wconf 86' lang='lat' dir='ltr'><strong>E.</strong></span> <span class='ocrx_word' id='word_1_398' title='bbox 953 2183 1120 2215; x_wconf 78' lang='lat' dir='ltr'><strong>Publice</strong></span> <span class='ocrx_word' id='word_1_399' title='bbox 1145 2183 1168 2215; x_wconf 91' lang='grc' dir='ltr'>Ι.</span> <span class='ocrx_word' id='word_1_400' title='bbox 1204 2183 1406 2215; x_wconf 79' lang='lat' dir='ltr'><strong>Anatomiam</strong></span> <span class='ocrx_word' id='word_1_401' title='bbox 1427 2183 1658 2223; x_wconf 75' lang='lat' dir='ltr'><strong>systematicam</strong></span> <span class='ocrx_word' id='word_1_402' title='bbox 1679 2192 1850 2215; x_wconf 64' lang='lat' dir='ltr'><strong>nervorum</strong></span> 
     </span>
    </p>
   </div>
   <div class='ocr_carea' id='block_1_12' title="bbox 0 2227 1850 2327">
    <p class='ocr_par' dir='ltr' id='par_1_21' title="bbox 0 2212 1850 2327">
     <span class='ocr_line' id='line_1_41' title="bbox 0 2227 1850 2289; baseline -0.001 -23"><span class='ocrx_word' id='word_1_403' title='bbox 0 2227 14 2289; x_wconf 55' lang='grc' dir='ltr'>Ξ</span> <span class='ocrx_word' id='word_1_404' title='bbox 62 2233 340 2276; x_wconf 69' lang='lat' dir='ltr'><strong>periphericorum</strong></span> <span class='ocrx_word' id='word_1_405' title='bbox 361 2234 498 2267; x_wconf 73' lang='lat' dir='ltr'><strong>bominis</strong></span> <span class='ocrx_word' id='word_1_406' title='bbox 521 2234 659 2266; x_wconf 89' lang='lat' dir='ltr'><strong>docebit</strong></span> <span class='ocrx_word' id='word_1_407' title='bbox 682 2234 784 2266; x_wconf 85' lang='lat' dir='ltr'><strong>semel</strong></span> <span class='ocrx_word' id='word_1_408' title='bbox 809 2234 840 2268; x_wconf 89' lang='lat' dir='ltr'><strong>h.</strong></span> <span class='ocrx_word' id='word_1_409' title='bbox 865 2234 931 2266; x_wconf 88' lang='lat' dir='ltr'><strong>def.</strong></span> <span class='ocrx_word' id='word_1_410' title='bbox 975 2234 1172 2267; x_wconf 87' lang='lat' dir='ltr'><strong>Privatim</strong></span> <span class='ocrx_word' id='word_1_411' title='bbox 1196 2234 1236 2267; x_wconf 92' lang='lat'><strong>11.</strong></span> <span class='ocrx_word' id='word_1_412' title='bbox 1284 2234 1494 2274; x_wconf 76' lang='lat' dir='ltr'><strong>Osteoloyiam</strong></span> <span class='ocrx_word' id='word_1_413' title='bbox 1517 2237 1545 2265; x_wconf 83' lang='lat' dir='ltr'><strong>el</strong></span> <span class='ocrx_word' id='word_1_414' title='bbox 1566 2234 1850 2274; x_wconf 70' lang='lat' dir='ltr'><strong>syndesmoloyiam</strong></span> 
     </span>
     <span class='ocr_line' id='line_1_42' title="bbox 0 2285 1372 2327; baseline 0 -10"><span class='ocrx_word' id='word_1_415' title='bbox 0 2288 16 2324; x_wconf 47' lang='lat' dir='ltr'><strong>i*</strong></span> <span class='ocrx_word' id='word_1_416' title='bbox 68 2285 203 2317; x_wconf 71' lang='lat' dir='ltr'><strong>hominia</strong></span> <span class='ocrx_word' id='word_1_417' title='bbox 224 2285 401 2326; x_wconf 79' lang='lat' dir='ltr'><strong>yeneralem</strong></span> <span class='ocrx_word' id='word_1_418' title='bbox 423 2289 452 2318; x_wconf 84' lang='lat' dir='ltr'><strong>et</strong></span> <span class='ocrx_word' id='word_1_419' title='bbox 471 2286 640 2327; x_wconf 79' lang='lat' dir='ltr'><strong>specialem</strong></span> <span class='ocrx_word' id='word_1_420' title='bbox 662 2286 820 2317; x_wconf 87' lang='lat' dir='ltr'><strong>tractabit</strong></span> <span class='ocrx_word' id='word_1_421' title='bbox 843 2286 875 2318; x_wconf 91' lang='lat' dir='ltr'><strong>d.</strong></span> <span class='ocrx_word' id='word_1_422' title='bbox 900 2286 997 2318; x_wconf 84' lang='lat' dir='ltr'><strong>Mart.</strong></span> <span class='ocrx_word' id='word_1_423' title='bbox 1019 2286 1122 2318; x_wconf 76' lang='lat' dir='ltr'><strong>Mero.</strong></span> <span class='ocrx_word' id='word_1_424' title='bbox 1140 2285 1225 2318; x_wconf 86' lang='lat' dir='ltr'><strong>Ven.</strong></span> <span class='ocrx_word' id='word_1_425' title='bbox 1249 2285 1281 2318; x_wconf 89' lang='lat' dir='ltr'><strong>h.</strong></span> <span class='ocrx_word' id='word_1_426' title='bbox 1299 2285 1372 2317; x_wconf 84' lang='lat' dir='ltr'><strong>Vll.</strong></span> 
     </span>
    </p>
   </div>
   <div class='ocr_carea' id='block_1_13' title="bbox 0 2318 32 2748">
    <p class='ocr_par' dir='ltr' id='par_1_22' title="bbox 0 2318 32 2748">
     <span class='ocr_line' id='line_1_43' title="bbox 0 2318 32 2748; baseline 0 0"><span class='ocrx_word' id='word_1_427' title='bbox 0 2318 32 2748; x_wconf 95' lang='lat' dir='ltr'><strong> </strong></span> 
     </span>
    </p>
   </div>
   <div class='ocr_carea' id='block_1_14' title="bbox 222 2339 1849 2382">
    <p class='ocr_par' dir='ltr' id='par_1_23' title="bbox 222 2339 1849 2382">
     <span class='ocr_line' id='line_1_44' title="bbox 222 2339 1849 2382; baseline 0.001 -11"><span class='ocrx_word' id='word_1_428' title='bbox 222 2339 558 2373; x_wconf 87' lang='lat' dir='ltr'><strong>MAXIMILIANUS</strong></span> <span class='ocrx_word' id='word_1_429' title='bbox 584 2340 789 2378; x_wconf 84' lang='lat' dir='ltr'><strong>WIENER,</strong></span> <span class='ocrx_word' id='word_1_430' title='bbox 823 2341 880 2374; x_wconf 90' lang='lat' dir='ltr'><strong>Dr.</strong></span> <span class='ocrx_word' id='word_1_431' title='bbox 904 2341 940 2374; x_wconf 90' lang='lat' dir='ltr'><strong>P.</strong></span> <span class='ocrx_word' id='word_1_432' title='bbox 964 2341 999 2374; x_wconf 90' lang='lat' dir='ltr'><strong>P.</strong></span> <span class='ocrx_word' id='word_1_433' title='bbox 1025 2342 1062 2375; x_wconf 91' lang='lat' dir='ltr'><strong>E.</strong></span> <span class='ocrx_word' id='word_1_434' title='bbox 1114 2341 1289 2373; x_wconf 90' lang='lat' dir='ltr'><strong>Publice</strong></span> <span class='ocrx_word' id='word_1_435' title='bbox 1317 2341 1342 2373; x_wconf 92' lang='lat' dir='ltr'><strong>I.</strong></span> <span class='ocrx_word' id='word_1_436' title='bbox 1393 2341 1442 2372; x_wconf 87' lang='lat' dir='ltr'><strong>De</strong></span> <span class='ocrx_word' id='word_1_437' title='bbox 1470 2340 1707 2382; x_wconf 69' lang='lat' dir='ltr'><strong>operationibus</strong></span> <span class='ocrx_word' id='word_1_438' title='bbox 1733 2350 1849 2381; x_wconf 70' lang='lat' dir='ltr'><strong>yynae·</strong></span> 
     </span>
    </p>
   </div>
   <div class='ocr_carea' id='block_1_15' title="bbox 7 2390 1849 2492">
    <p class='ocr_par' dir='ltr' id='par_1_24' title="bbox 7 2369 1849 2492">
     <span class='ocr_line' id='line_1_45' title="bbox 7 2390 1849 2447; baseline -0.001 -23"><span class='ocrx_word' id='word_1_439' title='bbox 7 2411 22 2447; x_wconf 30' lang='grc' dir='ltr'><strong>ιἃ</strong></span> <span class='ocrx_word' id='word_1_440' title='bbox 69 2391 217 2432; x_wconf 73' lang='lat' dir='ltr'><strong>coloyicie</strong></span> <span class='ocrx_word' id='word_1_441' title='bbox 241 2390 386 2423; x_wconf 86' lang='lat' dir='ltr'><strong>disseret</strong></span> <span class='ocrx_word' id='word_1_442' title='bbox 408 2391 510 2423; x_wconf 89' lang='lat' dir='ltr'><strong>semel</strong></span> <span class='ocrx_word' id='word_1_443' title='bbox 534 2402 595 2434; x_wconf 91' lang='lat' dir='ltr'><strong>per</strong></span> <span class='ocrx_word' id='word_1_444' title='bbox 610 2391 712 2425; x_wconf 89' lang='lat' dir='ltr'><strong>hebd.</strong></span> <span class='ocrx_word' id='word_1_445' title='bbox 729 2392 760 2425; x_wconf 88' lang='lat' dir='ltr'><strong>h.</strong></span> <span class='ocrx_word' id='word_1_446' title='bbox 779 2392 845 2425; x_wconf 80' lang='lat' dir='ltr'><strong>def.</strong></span> <span class='ocrx_word' id='word_1_447' title='bbox 890 2392 1084 2425; x_wconf 88' lang='lat' dir='ltr'><strong>Privatim</strong></span> <span class='ocrx_word' id='word_1_448' title='bbox 1111 2393 1149 2426; x_wconf 89' lang='grc' dir='ltr'>ΙΙ.</span> <span class='ocrx_word' id='word_1_449' title='bbox 1180 2393 1345 2425; x_wconf 71' lang='lat' dir='ltr'><strong>Theon-iam</strong></span> <span class='ocrx_word' id='word_1_450' title='bbox 1369 2393 1450 2424; x_wconf 69' lang='lat' dir='ltr'><strong>artis</strong></span> <span class='ocrx_word' id='word_1_451' title='bbox 1472 2392 1670 2424; x_wconf 78' lang='lat' dir='ltr'><strong>obstetriciae</strong></span> <span class='ocrx_word' id='word_1_452' title='bbox 1691 2391 1849 2424; x_wconf 83' lang='lat' dir='ltr'><strong>tractabit</strong></span> 
     </span>
     <span class='ocr_line' id='line_1_46' title="bbox 17 2442 545 2492; baseline 0.002 -17"><span class='ocrx_word' id='word_1_453' title='bbox 17 2451 20 2492; x_wconf 46' lang='lat' dir='ltr'><strong>j</strong></span> <span class='ocrx_word' id='word_1_454' title='bbox 70 2447 191 2486; x_wconf 86' lang='lat' dir='ltr'><strong>quater</strong></span> <span class='ocrx_word' id='word_1_455' title='bbox 213 2453 274 2485; x_wconf 86' lang='lat' dir='ltr'><strong>per</strong></span> <span class='ocrx_word' id='word_1_456' title='bbox 296 2442 398 2476; x_wconf 91' lang='lat' dir='ltr'><strong>hebd.</strong></span> <span class='ocrx_word' id='word_1_457' title='bbox 421 2442 454 2476; x_wconf 85' lang='lat' dir='ltr'><strong>h.</strong></span> <span class='ocrx_word' id='word_1_458' title='bbox 478 2442 545 2476; x_wconf 89' lang='lat' dir='ltr'><strong>def.</strong></span> 
     </span>
    </p>
   </div>
  </div>
 </body>
</html>
