2138 2748
1167 267 1207 298 10

301 362 378 393 inde
411 372 431 393 a
452 371 551 393 versu
573 362 611 393 21
648 361 801 393 distichis
831 361 1018 402 composita
1045 363 1106 400 est,
1141 363 1174 393 et
1200 361 1323 393 multae
1350 361 1437 400 illae,
1471 371 1556 402 quae
1585 361 1620 393 in
1636 357 1916 402 ‘Comparatione’
1942 361 2067 401 insunt,

301 413 487 445 sententiae
508 413 665 445 binorum
686 423 853 445 versuum.

453 464 580 502 Quodsi
592 459 908 505 ‘Comparationem'
923 473 998 496 cum
1010 461 1186 496 ‘Distichis
1204 462 1379 496 Parisinis'
1396 466 1428 496 et
1447 474 1521 496 cum
1532 460 1794 505 ‘Appendicibus
1812 464 1826 496 Ι
1841 466 1874 496 et
1889 462 1925 496 II'
1951 466 2069 496 contu-

300 517 389 555 leris,
413 518 538 556 quanto
566 516 623 548 illa
650 517 799 557 praestet
823 515 952 554 ceteris,
983 515 1096 548 statim
1125 515 1310 556 apparebit.
1354 516 1391 547 In
1413 512 1593 548 ‘Distichis'
1619 516 1759 548 redeunt
1775 512 2067 557 ‘Comparationis'

299 578 416 599 versus
429 567 554 606 decem,
573 567 608 599 in
624 563 832 608 ‘Appendice
855 565 876 599 l'
900 577 1016 599 versus
1036 566 1312 608 quattuordecim,
1336 567 1371 598 in
1389 563 1597 608 ‘Appendice
1618 565 1654 599 11'
1679 567 1771 599 nulli.
1815 567 1883 599 Nec
1906 566 2069 600 dissimile

302 620 371 651 veri
395 621 446 651 est
468 619 511 651 ad
531 619 819 660 ‘Comparationis'
845 619 1032 659 exemplum
1061 620 1189 650 ceteras
1213 618 1287 650 illas
1311 618 1546 650 contentiones
1569 620 1638 651 tres
1668 618 1838 651 confectas
1867 628 1959 657 esse3
1988 629 2070 651 sane

301 671 456 703 metricas
481 681 611 712 quoque
635 673 667 703 et
688 670 907 712 prosodiacas
931 671 1021 710 leges
1044 680 1065 701 a
1087 669 1281 701 comoediae
1303 669 1435 701 Atticae
1451 669 1616 710 elegantia
1634 669 1850 701 multifariam
1865 669 2069 708 recedentes,

301 733 383 764 quas
422 723 458 754 in
488 723 767 763 ‘Comparatione’
810 723 1005 754 observatas
1046 731 1120 753 esse
1149 730 1228 752 mox
1261 721 1446 761 apparebit,
1486 721 1622 752 easdem
1659 721 1730 753 fere
1758 723 1815 752 aut
1843 723 1978 754 servant
2013 723 2071 753 aut

301 785 435 807 servare
452 774 587 807 student
606 774 820 806 collectiones
835 775 975 812 ceterae,
988 768 1415 814 quamquam‘Appendicis
1430 772 1457 803 I'
1477 774 1593 804 auctor
1605 773 1778 804 trimetros
1791 771 2067 814 dodecasyllabos

300 826 514 868 polysyllabis
536 826 703 867 praetulit.
726 844 769 848 —

452 878 556 910 Paulo
577 877 764 909 accuratius
781 877 880 916 enim,
894 886 959 918 quo
975 875 1377 917 tempore‘Comparatio'
1397 875 1588 916 conscripta
1603 875 1657 914 sit,
1676 874 1805 907 definiri
1820 876 1934 916 potest
1950 874 2070 907 metri

302 932 335 962 et
356 930 518 961 vocalium
541 939 719 960 mensurae
749 929 879 960 ratione
902 928 1027 960 hahita.
1075 927 1222 959 Tantum
1243 926 1377 968 quidem
1393 926 1499 966 abest,
1521 928 1559 958 ut
1579 926 1724 958 trimetri
1745 926 1878 959 iambici
1894 925 2070 959 historiam

304 982 381 1013 inde
404 982 445 1013 ab
475 980 780 1013 Alexandrinorum
806 982 958 1020 tempore
986 989 1092 1020 usque
1119 979 1162 1011 ad
1189 988 1315 1010 annum
1343 988 1374 1019 p.
1406 978 1484 1010 Chr.
1513 988 1546 1010 n.
1576 978 1792 1010 millesimum
1819 979 1910 1010 certo
1939 977 2072 1010 noveri-

303 1043 387 1071 mus,
410 1034 446 1064 ut
468 1032 522 1064 vix
539 1032 757 1064 fundamenta
773 1031 899 1063 solidae
923 1031 1095 1062 doctrinae
1119 1030 1205 1062 iacta
1229 1030 1296 1062 sint
1305 1029 1336 1071 ¹).
1373 1029 1521 1068 Accedit,
1545 1029 1634 1070 quod
1657 1022 2070 1071 omnis‘Comparationis'

303 1083 466 1115 memoria
487 1084 530 1115 ad
551 1093 654 1115 unum
677 1083 843 1115 misellum
867 1082 1016 1114 codicem
1040 1081 1094 1123 (Q)
1118 1081 1251 1114 saeculo
1273 1081 1331 1112 XV
1353 1083 1495 1113 exeunte
1519 1081 1679 1121 scriptum
1703 1081 1798 1120 redit,
1826 1081 1862 1112 in
1885 1090 1950 1122 quo
1972 1090 2073 1122 quam

304 1135 590 1176 longeagenuina
601 1135 699 1166 metri
712 1135 821 1166 forma
832 1133 1043 1175 inprudentis
1060 1133 1186 1165 librarii
1203 1133 1300 1174 culpa
1314 1133 1493 1164 verborum
1517 1134 1693 1165 contextus
1716 1133 1867 1165 detortus
1891 1132 1944 1171 sit,
1966 1131 2073 1165 ambi-

303 1197 379 1228 gere
401 1187 524 1227 possis.
568 1187 723 1218 Attamen
746 1186 904 1228 quoniam
927 1186 1054 1227 aliquot
1076 1194 1233 1217 versuum
1250 1180 1543 1225 ‘Comparationis'
1568 1183 1732 1216 memoria
1755 1183 1903 1216 concinit
1925 1192 2000 1216 cum
2022 1183 2071 1216 eis

303 1239 445 1277 mendis,
470 1238 589 1280 quibus
613 1238 721 1270 eidem
743 1248 860 1270 versus
885 1237 919 1269 in
943 1237 1079 1270 Stobaei
1103 1236 1273 1268 codicibus
1297 1235 1462 1277 inquinati
1486 1237 1574 1274 sunt,
1605 1237 1769 1276 quatenus
1792 1234 1948 1277 progredi
1973 1235 2073 1268 liceat

305 1291 339 1322 in
361 1290 515 1323 barbarie
534 1287 827 1330 ‘Comparationis'
852 1290 1082 1321 trimetrorum
1105 1288 1318 1326 removenda,
1340 1287 1408 1319 fere
1432 1289 1574 1319 constat.

455 1343 639 1383 Postquam
660 1342 855 1382 philosophi
879 1341 958 1373 inde
981 1341 1050 1373 fere
1072 1351 1092 1372 a
1115 1340 1239 1372 saeculi
1261 1339 1352 1372 tertii
1374 1349 1404 1371 a.
1428 1338 1507 1370 Chr.
1535 1348 1567 1370 n.
1598 1337 1694 1370 initio
1723 1338 1885 1370 immixtis
1911 1338 2074 1371 trimetris

305 1394 456 1426 iambicis
485 1394 528 1426 ad
560 1393 764 1426 comicorum
795 1393 983 1425 Atticorum
1012 1393 1200 1433 exemplum
1227 1391 1312 1423 fictis
1340 1392 1519 1431 praecepta
1552 1390 1664 1422 ieiuna
1690 1390 1820 1422 variare
1846 1390 1920 1422 ausi
1957 1389 2076 1432 smit'),

303 1445 527 1486 Apollodorus
550 1445 768 1477 Atheniensis
798 1445 932 1477 saeculo
961 1455 989 1476 a.
1013 1444 1090 1476 Chr.
1114 1454 1146 1475 n.
1170 1444 1275 1475 altero
1303 1441 1492 1474 trimetrum
1521 1440 1716 1482 comicum³)
1739 1441 1839 1482 elegit
1867 1441 1911 1474 ad
1939 1450 2075 1474 carmen

305 1497 505 1529 didacticum
534 1495 695 1538 (Χρονικά)
729 1496 999 1537 componendum
1033 1496 1087 1536 (cf.
1117 1493 1413 1535 Pseudo-Scymni
1445 1493 1536 1525 orbis
1567 1492 1828 1533 descriptionem
1855 1503 1886 1526 v.
1911 1493 1950 1525 19
1979 1495 2013 1526 et
2034 1493 2075 1525 33

306 1559 393 1589 sqq.:
420 1548 479 1580 τῶν
498 1546 650 1580 Ἀττικῶν
671 1557 714 1585 τις
735 1547 867 1589 γνησίων
899 1557 934 1578 τε
955 1546 1128 1588 φιλολόγων
1151 1569 1318 1578 ......
1342 1544 1465 1587 μέτρῳ
1499 1544 1534 1576 δὲ
1565 1543 1681 1586 ταύτην
1714 1543 1870 1576 ἐκτιθέναι
1901 1543 2075 1587 προείλετο,

307 1601 355 1642 τῷ
377 1602 537 1642 κωμικῷ
565 1599 600 1630 δὲ
628 1600 684 1640 τῆς
706 1597 875 1640 σαφηνείας
896 1597 997 1641 χάριν,
1027 1594 1271 1641 εὐμνημόνευτον
1293 1595 1443 1638 ἐσομένην
1465 1594 1560 1633 οὕτως
1583 1593 1705 1637 ὃρῶνγ)
1729 1595 1865 1637 eiusque
1887 1596 2076 1637 exemplum

306 1651 411 1683 secuti
435 1661 509 1683 cum
532 1650 587 1682 alii
610 1652 681 1682 tum
703 1650 1018 1691 Pseudo-Scymnus
1043 1651 1076 1682 et
1097 1649 1277 1690 Dionysius
1294 1647 1518 1688 Calliphontis
1540 1647 1626 1679 filius
1649 1647 1820 1679 trimetros
1844 1646 2006 1679 iambicos
2029 1647 2076 1680 ita

307 1705 577 1741 construxerunt,
592 1704 629 1734 ut
644 1703 767 1734 multos
784 1702 1012 1734 immiscerent
1027 1701 1130 1742 pedes
1146 1700 1338 1742 trisyllabos
1362 1699 1587 1740 (anapaestos,
1610 1698 1811 1738 tribrachos,
1835 1699 2013 1740 dactylos);
2035 1708 2076 1731 eo

306 1757 419 1787 tamen
447 1754 574 1786 distant
602 1753 636 1786 hi
663 1756 783 1794 poetae
807 1755 840 1786 et
861 1763 881 1785 a
908 1753 1121 1794 philosophis
1149 1752 1215 1784 illis
1238 1750 1482 1792 antiquioribus
1511 1751 1544 1782 et
1571 1760 1592 1782 a
1620 1750 1862 1782 didacticorum
1889 1750 2076 1782 carminum

305 1806 497 1838 auctoribus
530 1805 784 1846 posterioribus,
819 1805 908 1846 quod
938 1807 971 1837 et
1002 1814 1128 1845 paucos
1156 1813 1274 1835 versus
1307 1802 1456 1843 legitima
1484 1811 1623 1834 caesura
1652 1804 1805 1834 carentes
1834 1801 2016 1834 admittunt
2042 1803 2076 1833 et

305 1860 439 1898 praeter
462 1867 617 1889 caesuras
635 1857 907 1898 semiquinariam
923 1859 956 1888 et
979 1854 1300 1896 semiseptenariam,
1323 1863 1407 1895 quae
1424 1853 1556 1894 quidem
1580 1854 1668 1894 apud
1684 1863 1742 1885 eos
1766 1863 1898 1894 quoque
1920 1853 2076 1894 frequen-

306 1908 456 1940 tissimae
485 1910 572 1947 sunt,
606 1908 740 1940 tertiam
764 1908 890 1940 habent
921 1910 1000 1948 post
1027 1906 1170 1939 trimetri
1197 1906 1318 1947 pedem
1351 1905 1487 1937 tertium
1509 1903 1740 1946 absolutum5).
1786 1904 1912 1936 Contra
1944 1903 2023 1936 inde
2055 1914 2077 1936 a

307 1960 439 1992 saeculo
461 1970 493 2000 p.
518 1960 596 1992 Chr.
620 1969 651 1991 n.
675 1959 783 2000 primo
807 1969 876 1991 non
900 1969 995 1991 secus
1019 1961 1118 2000 atque
1148 1958 1228 1990 olim
1251 1967 1352 1989 aurea
1381 1956 1698 1997 iambographorum
1720 1954 1939 1997 Ionicorum⁶)
1966 1957 2076 1987 aetate

460 2037 480 2070 ¹)
516 2036 637 2063 Libellos
663 2044 758 2062 eorum
779 2036 922 2063 hominurn
946 2036 1097 2067 doctorum,
1122 2035 1170 2069 qui
1194 2035 1228 2061 de
1252 2033 1318 2060 artis
1342 2033 1473 2059 metricae
1496 2033 1560 2059 fatis
1590 2033 1662 2067 apud
1684 2032 1850 2066 Byzantinos
1873 2040 1961 2066 nuper
1984 2032 2077 2059 dedita

306 2089 390 2114 opera
409 2080 611 2114 quaesiverunt,
631 2079 800 2106 enumeravit
825 2079 938 2106 Carolus
962 2079 1116 2105 Fridericus
1134 2078 1248 2105 Mueller
1268 2076 1378 2110 ‘Ignatii
1400 2076 1515 2103 Diaconi
1539 2075 1701 2102 tetrasticha
1727 2073 1783 2102 etc?
1821 2075 1909 2102 Kiliae
1929 2076 1996 2102 1886
2014 2084 2040 2110 p.
2057 2076 2074 2102 3

306 2125 368 2150 adn.
386 2124 411 2154 4,
430 2123 528 2157 quibus
553 2123 680 2150 addenda
704 2125 746 2149 est
768 2118 893 2157 inprimis
917 2123 1075 2149 doctissima
1094 2122 1191 2149 Isidori
1209 2121 1323 2154 Hilberg
1341 2120 1544 2151 commentatio.
1563 2128 1635 2153 quae
1658 2119 1763 2146 inserta
1786 2121 1827 2146 est
1841 2117 1956 2146 ‘Studiis
1974 2119 2074 2146 Vindo-

306 2165 478 2194 bonensibus'
500 2167 552 2193 vol.
571 2167 632 2193 VIII
650 2167 684 2200 (a.
706 2167 782 2200 1886)
801 2176 827 2200 p.
845 2167 895 2193 28⁹2
914 2175 975 2200 sqq.
2088 2159 2091 2166 ’

458 2210 480 2243 ²)
501 2210 540 2237 Cf.
558 2210 723 2237 Meinekium
741 2211 827 2244 praef.
846 2211 881 2236 ad
899 2210 1007 2243 Fragm.
1026 2210 1101 2236 Corn.
1121 2209 1214 2236 Graec.
1233 2209 1287 2235 vol.
1306 2209 1318 2235 I
1335 2217 1362 2243 p.
1379 2208 1416 2235 IX
1434 2217 1495 2242 sqq.

459 2254 479 2287 ³)
498 2255 548 2279 τῶν
565 2255 737 2287 καλουμένων
755 2253 923 2287 τραγιοίμβων
941 2253 1102 2287 scriptorem
1120 2253 1319 2286 Apollodorum
1337 2252 1459 2286 appellat
1477 2251 1576 2278 Suidas
1595 2260 1617 2278 s.
1636 2260 1660 2278 v.

457 2297 479 2331 ⁴)
499 2298 538 2324 Cf.
558 2298 641 2324 etiam
659 2298 824 2324 Strabonem
841 2297 901 2324 XIV
918 2297 943 2328 5,
967 2297 1000 2323 22
1023 2306 1049 2331 p.
1068 2297 1132 2323 995:
1155 2295 1170 2322 ὁ
1193 2298 1223 2322 δὲ
1242 2295 1445 2330 (Apollodorus)
1468 2297 1515 2321 καὶ
1532 2296 1721 2328 χωρογραφίαν
1745 2296 1873 2326 ἐξέδωκεν
1891 2295 1924 2320 ἐν
1941 2295 2076 2327 κωμικῷ

332 2343 363 2367 έτ
466 2342 479 2348 ”’
513 2350 545 2367 πε
564 2343 634 2367 ίοδον
653 2343 695 2367 ἐπι
730 2341 747 2367 οἱ
771 2350 788 2366 α.
805 2361 811 2367 .

308 2350 324 2374 μ
370 2350 425 2374 ρῳ,
444 2350 657 2419 γξςνὴίρνοτευε
676 2350 739 2418 ρέξῐ
750 2343 850 2418 ssedem
867 2384 977 2410 tertium
995 2383 1151 2410 absolutum
1170 2383 1305 2414 inciditur,
1323 2382 1419 2409 tertius
1432 2390 1481 2416 pes
1499 2382 1661 2416 plerumque
1674 2381 1812 2415 spondeus
1826 2382 1876 2412 est,
1894 2389 1956 2407 raro
1969 2380 2076 2407 iambus

306 2428 349 2454 vel
368 2430 540 2462 anapaestus,
559 2428 697 2454 rarissime
716 2428 838 2461 dactylus
857 2427 901 2454 vel
919 2427 1081 2454 tribrachus,

458 2471 478 2505 ⁶)
498 2472 537 2498 Cf.
556 2471 697 2498 Albertum
716 2471 841 2497 Schmidt
863 2470 909 2497 ‘de
933 2479 1047 2497 caesura
1074 2470 1165 2496 media
1191 2469 1219 2496 in
1237 2469 1403 2495 Graecorum
1429 2468 1553 2494 trimetro
1579 2464 1704 2494 iambico'
1733 2467 1856 2501 (Bonnae
1885 2467 1961 2501 1865)
1987 2475 2014 2500 p.
2046 2467 2076 2498 9;

308 2515 340 2541 R.
359 2515 484 2548 Roeding
499 2513 545 2541 ‘de
564 2515 730 2542 Graecorum
756 2514 885 2541 trimetris
912 2514 1035 2540 iambicis
1060 2521 1175 2539 caesura
1201 2511 1410 2546 penthemimeri
1430 2513 1457 2538 et
1479 2511 1709 2545 hephthemimeri
1729 2507 1889 2537 carentibus'
1910 2510 1950 2544 (in
1963 2508 2077 2544 ‘Upsala

308 2566 486 2594 Universitets
505 2552 639 2594 Krsskrift'
660 2576 684 2595 a.
705 2567 781 2601 1874)
799 2575 825 2600 p.
844 2567 868 2593 6.
