2138 2748
877 272 1051 321 *Q

90 371 189 412 steht,
213 371 261 404 sie
283 372 444 405 vielmehr
465 373 567 413 ssieht,
590 373 677 406 nach
700 373 775 406 dem
799 374 996 407 Schatten
1020 375 1232 416 verlangend,
1261 376 1329 408 und
1358 376 1437 408 dass
1460 386 1496 408 er
1525 386 1563 409 zu
1591 377 1656 409 den
1686 378 1853 412 sonnebe-

89 422 256 466 dfirftigen
268 422 408 457 Greisen
424 423 535 466 (senes
551 425 682 466 aprici
695 425 830 458 Persius
842 426 872 464 5,
888 426 960 468 179)
977 426 1061 459 eben
1079 427 1165 459 noch
1183 427 1277 459 nicht
1292 425 1429 468 gehort'.
1461 428 1629 467 Attamen,
1645 439 1688 461 ne
1702 439 1853 471 premam

88 472 263 508 Horatium
286 475 386 508 etiam
421 473 586 516 canitiem,
621 486 704 518 quae
739 487 856 510 senum
890 478 960 510 fere
994 480 1054 517 est,
1089 479 1120 511 h.
1144 479 1164 511 l.
1199 479 1262 510 sibi
1291 479 1447 518 tribuere,
1476 482 1512 512 ut
1541 480 1674 521 apricus
1703 481 1761 519 sis,
1789 490 1851 513 nec

87 524 279 569 Regimonti
301 535 363 559 nec
375 527 512 560 omnino
535 527 569 560 in
585 528 721 569 regione
743 529 854 571 aliqua
877 529 1129 570 septentrionali
1152 532 1186 562 te
1202 531 1327 562 versari
1343 533 1485 572 oportet,
1501 533 1534 563 et
1550 531 1723 564 Horatium
1740 532 1848 572 ipsum

89 577 208 613 caloris
231 580 400 613 amantem
423 579 526 612 fuisse
550 579 686 621 eiusque
710 580 893 622 indiguisse
923 580 1157 614 demonstrant
1184 581 1248 613 loci
1278 591 1353 614 cum
1381 582 1434 614 his
1462 582 1572 614 verbis
1603 583 1742 615 omnino
1771 593 1852 615 con-

89 629 256 672 spirantes
279 630 448 663 aLehrsio
473 630 555 663 satis
579 630 728 671 indicati,
751 632 793 664 ab
817 632 892 664 aliis
916 632 1114 665 nominatim
1138 633 1228 666 allati
1253 636 1314 666 sat.
1338 633 1372 665 11.
1397 634 1426 672 3,
1446 635 1499 671 10;
1522 644 1596 676 epp.
1619 635 1641 667 1.
1658 635 1687 673 7,
1706 636 1746 666 10
1769 644 1852 676 sqq.v

89 683 170 721 sane
193 690 275 722 non.
294 691 355 724 per
376 689 517 716 menses
539 683 685 715 aestivos
720 682 789 716 fere
823 683 1057 723 calidissimus,
1093 684 1151 716 sed
1185 694 1246 726 per
1279 684 1423 717 hiemem
1458 685 1546 717 haud
1580 695 1656 718 raro
1691 686 1725 718 in
1759 686 1853 719 ltalia

34 765 38 771 ,
87 732 219 779 quodue
233 732 405 766 humidam
421 743 460 766 ac
475 733 640 775 frigidam.
670 734 707 767 Si
729 734 906 767 Herbstius
930 745 1069 774 mecum,
1092 735 1211 767 iuvene
1234 738 1303 768 tum
1328 736 1477 768 nondum
1500 737 1704 769 tricesimum
1727 747 1852 770 annum

87 784 221 827 agente,
253 793 388 818 menses
422 785 583 817 hiemales
618 785 695 817 inde
729 796 749 818 a
782 795 825 818 m.
851 786 1029 818 Novembri
1058 796 1087 819 a.
1114 787 1194 819 1846
1227 787 1354 820 Romae
1389 788 1565 829 degisset*)
1599 791 1631 820 et
1665 789 1698 820 in
1732 789 1853 830 amplis

85 829 307 869 bibliothecae
327 835 508 869 vaticanae
542 837 756 869 conclavibus
778 837 978 878 pavimentis
1002 838 1160 870 latericiis
1185 839 1355 871 instructis
1390 842 1422 871 et
1446 839 1496 871 vel
1520 839 1638 871 foculis
1662 840 1705 872 ad
1728 840 1850 881 digitos

85 878 302 946 membraque
324 887 549 920 calefacienda
572 889 745 929 egentibus
769 898 828 930 per
843 889 969 930 aliquot
993 890 1093 921 horas
1118 890 1294 922 continuas
1317 890 1465 931 quotidie
1488 894 1636 923 moratus
1660 894 1759 930 esset,
1783 901 1853 924 non

86 935 196 971 minus
211 938 355 972 libenter
369 949 430 980 per
441 939 531 972 haud
551 949 675 981 paucas
700 940 928 972 hebdomades
944 941 1132 981 asperiores
1157 951 1251 974 raros
1275 941 1356 974 solis
1381 942 1492 974 radios
1516 942 1737 984 quaesivisset
1753 946 1852 985 atque

86 989 274 1041 excepisset
296 1000 396 1032 quam
418 993 489 1023 tum
513 991 629 1023 sedulo
652 1001 671 1023 a
694 1002 747 1024 me
770 991 893 1024 factum
917 1002 992 1024 esse
1014 993 1161 1024 memini.
1205 993 1364 1025 Herbstio
1388 1003 1466 1026 vero
1489 993 1632 1026 climatis
1656 994 1758 1026 Italici
1781 996 1851 1027 tum

87 1036 182 1075 certe
205 1042 287 1075 satis
317 1042 443 1084 ignaro,
473 1042 525 1074 cui
548 1052 622 1075 eam
644 1043 857 1084 potissimum
881 1043 923 1075 ob
947 1053 1017 1076 rem
1041 1044 1133 1076 locus
1157 1044 1211 1076 hic
1235 1045 1432 1077 sanissimus
1456 1048 1489 1077 et
1511 1056 1551 1078 eo
1574 1055 1679 1087 usque
1701 1046 1751 1078 vel
1774 1048 1853 1087 post

85 1086 239 1128 Meinekii
262 1102 560 1135 successorumque
579 1094 649 1126 eius
664 1096 803 1126 conatus
819 1105 838 1127 a
854 1095 1022 1136 plerisque
1039 1098 1127 1128 certe
1151 1106 1211 1137 pro
1229 1106 1311 1128 sano
1328 1097 1469 1135 habitus,
1492 1097 1601 1129 denuo
1618 1098 1851 1130 emendatione

86 1150 184 1187 egere
204 1145 389 1186 videbatur,
413 1146 557 1178 coniecit
574 1146 633 1188 (5).
657 1146 818 1179 solibus
842 1149 974 1179 ustum
998 1147 1071 1179 coll.
1085 1148 1181 1188 epod.
1194 1148 1223 1187 2,
1230 1148 1267 1180 41
1289 1144 1439 1189 ‘perusta
1454 1148 1581 1180 solibus
1593 1149 1744 1181 Pernicis
1765 1158 1852 1181 uxor

84 1191 198 1239 Apuli'
201 1221 209 1230 .
263 1196 361 1236 Quod
389 1197 432 1229 ad
455 1208 526 1230 rem
549 1197 688 1230 attineat
711 1198 798 1230 hanc
821 1198 1047 1231 coniecturam
1077 1209 1116 1230 eo
1147 1209 1183 1231 se
1212 1200 1448 1232 commendare
1476 1200 1657 1240 praedicat,
1685 1200 1775 1241 quod
1803 1200 1851 1232 sic

86 1248 224 1288 statura,
247 1248 366 1288 crines,
391 1249 493 1288 color,
515 1251 586 1281 tota
609 1249 708 1290 igitur
731 1249 860 1290 species
887 1252 1006 1290 poetae
1035 1250 1181 1282 exterior
1209 1250 1426 1290 describatur,
1461 1261 1526 1292 quo
1550 1261 1632 1283 sane
1664 1260 1733 1284 non
1766 1261 1851 1292 opus

85 1303 161 1334 esse
178 1301 278 1333 antea
299 1300 365 1333 iam
382 1300 649 1341 significavimus,
673 1310 751 1333 nam
775 1303 903 1334 statura
925 1302 1043 1342 exigua
1066 1311 1139 1334 cum
1164 1311 1248 1334 cano
1272 1302 1380 1343 capite
1404 1302 1524 1334 sufficit
1546 1302 1616 1334 fere
1637 1302 1680 1334 ad
1704 1303 1850 1335 hominis

85 1350 264 1394 imaginem
287 1351 369 1384 satis
392 1351 535 1384 vividam
558 1352 810 1393 designandam,
835 1363 919 1394 quae
942 1363 981 1385 eo
1004 1354 1181 1394 perficitur,
1205 1353 1243 1389 si,
1267 1354 1356 1395 quod
1379 1363 1453 1386 cum
1476 1354 1598 1386 canitie
1626 1363 1851 1395 praepropera

85 1401 155 1436 fere
181 1402 359 1443 consentit,
388 1403 509 1435 caloris
533 1404 714 1444 studiosus,
737 1405 837 1445 paulo
860 1404 994 1436 mollior
1018 1405 1115 1445 igitur
1138 1415 1212 1437 esse
1236 1405 1373 1442 dicitur;
1402 1405 1435 1437 id
1464 1415 1543 1437 vero
1572 1405 1750 1438 transitum
1779 1405 1852 1437 ido-

57 1463 185 1487 (aeneum
207 1454 287 1487 facit
301 1454 344 1487 ad
361 1464 409 1494 ea,
433 1465 517 1496 quae
536 1455 577 1487 de
592 1455 696 1487 animi
712 1455 783 1488 eius
800 1455 997 1487 condicione
1010 1455 1187 1488 adduntur.
1225 1456 1261 1488 Si
1278 1456 1415 1488 omnino
1432 1456 1625 1488 coniectura
1647 1466 1730 1497 opus
1747 1459 1848 1494 esset,

83 1514 164 1547 prae
186 1506 342 1538 omnibus
365 1506 501 1547 reliquis
524 1507 645 1539 adlatis
669 1509 701 1539 et
729 1507 920 1540 adferendis
950 1507 1036 1539 hanc
1066 1509 1154 1540 certe
1181 1507 1399 1548 praeferrem:
1433 1517 1511 1540 nam
1545 1509 1579 1539 et
1610 1518 1671 1548 per
1694 1518 1730 1539 se
1765 1508 1847 1540 nihil

84 1557 187 1590 habet
208 1567 274 1599 quo
298 1558 455 1597 offendat,
479 1558 641 1600 quamvis,
669 1560 706 1591 ut
728 1559 811 1591 mihi
834 1559 967 1600 quidem
997 1559 1136 1597 videtur,
1166 1559 1307 1592 facetam
1335 1559 1423 1591 hanc
1445 1559 1575 1591 Horatii
1602 1559 1784 1592 dictionem
1814 1560 1849 1592 in

22 1603 23 1606 ¹
83 1608 248 1642 trivialem
271 1611 462 1650 commutet,
486 1612 519 1642 et
541 1610 637 1642 facile
660 1610 855 1652 faciliusque
878 1620 977 1652 quam
1002 1612 1089 1643 sole
1111 1614 1339 1652 perustum,
1362 1612 1451 1652 quod
1466 1613 1499 1644 et
1515 1612 1624 1652 ipsum
1641 1612 1730 1644 haud
1746 1612 1844 1653 longe

83 1659 127 1693 ab
149 1660 189 1693 iis
212 1661 332 1694 abesse
354 1663 458 1702 putat,
481 1661 684 1694 admonente
700 1662 774 1703 ipso
791 1664 937 1701 auctore,
960 1672 1001 1695 ex
1013 1662 1132 1695 litteris
1155 1663 1287 1695 traditis
1311 1663 1391 1695 oriri
1414 1665 1556 1703 poterat.
1589 1663 1673 1695 Nam
1689 1663 1717 1695 si
1733 1663 1850 1705 haplo·

83 1711 223 1754 graphia
250 1722 291 1745 ex
319 1713 644 1746 SOLIBVSVSTVM
673 1716 708 1746 ut
730 1714 766 1746 fit
787 1714 910 1746 factum
939 1716 1011 1746 erat
1031 1714 1308 1753 SOLIBVSTVM,
1337 1724 1397 1755 per
1418 1714 1475 1746 ΑΡ
1498 1714 1625 1746 litteras
1648 1714 1780 1747 additas
1813 1715 1848 1747 iu

81 1763 203 1796 iustam
215 1764 357 1796 formam
370 1765 452 1796 haec
465 1765 567 1797 verba
579 1765 839 1805 redintegratum
852 1765 903 1804 iri,
916 1766 1046 1806 opinari
1060 1775 1141 1798 sane
1158 1766 1227 1798 sive
1237 1765 1444 1806 grammatici
1458 1766 1527 1797 sive
1539 1765 1667 1798 librarii
1678 1768 1845 1806 poterant.

230 1831 299 1865 Nos
321 1842 410 1872 vero,
435 1833 490 1874 qui
513 1833 580 1865 iam
602 1833 745 1865 vidimus
769 1834 859 1866 nulla
882 1834 1117 1866 emendatione
1140 1834 1230 1866 hunc
1252 1835 1362 1866 locum
1386 1844 1492 1875 egere,
1526 1844 1569 1866 ne
1592 1835 1679 1866 hanc
1713 1834 1847 1875 quidem

82 1883 306 1916 coniecturam
321 1884 555 1925 probabimus;
579 1895 656 1917 nam
672 1885 727 1917 ubi
744 1885 831 1917 iusta
847 1894 885 1917 ac
902 1885 1070 1918 sufficiens
1087 1886 1258 1927 ipsiusque
1274 1886 1448 1927 scriptoris
1464 1895 1627 1927 personae
1644 1887 1847 1918 conveniens

0 1942 2 1945 '
28 1931 50 1974 )
80 1935 312 1977 interpretatio
335 1936 463 1968 institui
486 1938 607 1977 potest,
631 1937 672 1968 ab
696 1937 787 1969 omni
811 1937 1012 1969 emendandi
1036 1939 1157 1969 conatu
1179 1937 1416 1970 abstinendum
1446 1947 1522 1969 esse
1543 1938 1648 1978 probe
1671 1937 1847 1970 didicistis.

79 1986 123 2020 At
156 1996 230 2020 cum
263 1987 472 2020 Meinekiana
500 1988 691 2020 coniectura
719 1989 858 2020 omnino
882 1988 964 2021 satis
988 1989 1088 2021 tacite
1111 1990 1249 2029 excepta
1278 1991 1311 2020 et
1333 1989 1475 2027 nemini,
1503 1989 1592 2029 quod
1621 1989 1740 2027 sciam,
1769 1998 1847 2030 pro-

79 2038 158 2072 bata
180 2040 271 2071 esset
293 2049 332 2071 ac
354 2039 423 2071 tres
445 2041 577 2071 tantum
599 2039 661 2072 viri
685 2039 774 2072 docti
796 2050 857 2081 per
879 2040 1032 2081 proxima
1054 2040 1120 2072 duo
1143 2040 1304 2072 decennia
1327 2041 1465 2072 omnino
1488 2040 1571 2072 alias
1594 2040 1847 2072 emendationes

79 2089 156 2122 huic
182 2089 257 2122 loco
284 2089 484 2122 adferendas
514 2100 589 2123 esse
613 2091 840 2130 censuissent,
864 2092 968 2124 multo
998 2092 1143 2124 maiores
1172 2092 1288 2124 turbas
1317 2092 1484 2124 excitabat
1506 2091 1717 2124 Herbstiana.
1762 2092 1844 2124 Nam

79 2146 148 2175 non
162 2143 292 2174 tantum
308 2142 517 2182 exstiterunt,
541 2142 596 2184 qui
611 2145 668 2175 aut
686 2141 859 2175 ‘solibus
883 2141 1026 2184 aptum'
1052 2143 1133 2175 illud
1149 2143 1375 2181 defenderent,
1398 2143 1520 2184 partim
1543 2143 1625 2175 haec
1641 2143 1743 2175 verba
1765 2144 1846 2176 sim-

78 2193 177 2235 plicia
208 2203 247 2226 ac
281 2194 476 2235 simpliciter
509 2194 707 2236 explicanda
741 2195 852 2236 spissa
884 2195 995 2236 aliqua
1018 2194 1215 2227 eruditionis
1239 2195 1327 2226 nube
1349 2194 1506 2227 advoluta
1528 2195 1766 2234 obmenieffl).
1788 2197 1845 2227 aut

228 2366 251 2402 *)
279 2367 400 2401 Contigit
417 2366 484 2393 mihi
502 2369 568 2398 tum,
587 2368 617 2393 ut
635 2374 690 2393 non
708 2369 814 2393 tautum
833 2367 922 2394 forum
947 2370 974 2394 et
993 2369 1225 2403 amphitheatrum
1244 2368 1359 2395 Neronis
1387 2376 1435 2402 per
1462 2367 1551 2394 nivem
1579 2367 1645 2393 satis
1673 2367 1757 2394 altam
1785 2377 1843 2402 per-

77 2410 214 2442 vaderem,
233 2411 282 2438 sed
301 2410 383 2437 etiam
401 2410 430 2436 in
448 2411 528 2437 horto
548 2409 711 2437 habitationi
730 2418 809 2436 meae
827 2410 916 2437 vicino
935 2417 1017 2445 poma
1035 2412 1115 2438 rutila
1134 2412 1161 2439 in
1181 2412 1246 2438 mali
1265 2411 1407 2438 aurant-iae
1425 2411 1507 2437 ramis
1525 2411 1674 2444 pendentia
1691 2411 1754 2438 nive
1772 2414 1844 2438 tecta

76 2454 270 2489 conspicerem.

226 2505 263 2540 **)
290 2506 348 2533 Hos
367 2513 463 2532 omnes
483 2505 698 2539 diligentissime,
717 2508 747 2532 ut
765 2506 882 2537 assolet,
907 2506 1006 2534 additis
1034 2507 1117 2533 etiam
1136 2506 1298 2534 coniecturis
1328 2509 1434 2534 tantum
1461 2514 1517 2533 non
1545 2505 1672 2533 omnibus
1700 2510 1843 2533 enumerat

76 2549 212 2578 eustavus
231 2549 368 2584 Krugerus
392 2550 434 2576 ed.
453 2549 614 2577 undecimae
639 2558 665 2584 p.
683 2550 735 2576 378
753 2558 807 2584 sq.;
835 2550 1009 2577 coniecturae
1036 2550 1218 2577 Herbstianae
1247 2550 1438 2577 defensoribus
1468 2550 1533 2577 addi
1560 2552 1653 2584 potest
1679 2549 1840 2577 hancine-12

377 2599 381 2604 .
1607 2598 1641 2626 P
