<?xml version="1.0" encoding="UTF-8"?>
<!DOCTYPE html PUBLIC "-//W3C//DTD XHTML 1.0 Transitional//EN"
    "http://www.w3.org/TR/xhtml1/DTD/xhtml1-transitional.dtd">
<html xmlns="http://www.w3.org/1999/xhtml" xml:lang="en" lang="en">
 <head>
  <title>
</title>
<meta http-equiv="Content-Type" content="text/html;charset=utf-8" />
  <meta name='ocr-system' content='tesseract 3.04.00' />
  <meta name='ocr-capabilities' content='ocr_page ocr_carea ocr_par ocr_line ocrx_word'/>
</head>
<body>
  <div class='ocr_page' id='page_1' title='image "./ueberdieentstehu00benfuoft_0431.png"; bbox 0 0 2138 2748; ppageno 0'>
   <div class='ocr_carea' id='block_1_1' title="bbox 0 915 9 1284">
    <p class='ocr_par' dir='ltr' id='par_1_1' title="bbox 0 915 9 1284">
     <span class='ocr_line' id='line_1_1' title="bbox 0 915 9 1284; textangle 90"><span class='ocrx_word' id='word_1_1' title='bbox 0 1186 9 1284; x_wconf 63' lang='lat' dir='ltr'><strong>ww-=</strong></span> <span class='ocrx_word' id='word_1_2' title='bbox 0 1022 9 1173; x_wconf 49' lang='grc' dir='ltr'><strong>«αι-νων..</strong></span> <span class='ocrx_word' id='word_1_3' title='bbox 0 972 4 1012; x_wconf 51' lang='lat' dir='ltr'><strong>-rv</strong></span> <span class='ocrx_word' id='word_1_4' title='bbox 0 915 4 965; x_wconf 44' lang='lat' dir='ltr'><strong>*w*-</strong></span> 
     </span>
    </p>
   </div>
   <div class='ocr_carea' id='block_1_2' title="bbox 73 348 1862 1008">
    <p class='ocr_par' dir='ltr' id='par_1_2' title="bbox 73 348 1859 536">
     <span class='ocr_line' id='line_1_2' title="bbox 229 348 1859 389; baseline -0.002 -7"><span class='ocrx_word' id='word_1_5' title='bbox 229 348 497 383; x_wconf 87' lang='lat' dir='ltr'><strong>SIGMUNDUS</strong></span> <span class='ocrx_word' id='word_1_6' title='bbox 533 348 792 385; x_wconf 74' lang='lat' dir='ltr'><strong>FRAENKEL.</strong></span> <span class='ocrx_word' id='word_1_7' title='bbox 835 348 891 381; x_wconf 88' lang='lat' dir='ltr'><strong>Dr.</strong></span> <span class='ocrx_word' id='word_1_8' title='bbox 924 350 959 381; x_wconf 89' lang='lat' dir='ltr'><strong>P.</strong></span> <span class='ocrx_word' id='word_1_9' title='bbox 996 348 1030 382; x_wconf 84' lang='lat' dir='ltr'><strong>P.</strong></span> <span class='ocrx_word' id='word_1_10' title='bbox 1067 348 1103 380; x_wconf 83' lang='lat' dir='ltr'><strong>E.</strong></span> <span class='ocrx_word' id='word_1_11' title='bbox 1164 348 1334 380; x_wconf 76' lang='lat' dir='ltr'><strong>Publice</strong></span> <span class='ocrx_word' id='word_1_12' title='bbox 1368 349 1392 381; x_wconf 93' lang='lat'><strong>1.</strong></span> <span class='ocrx_word' id='word_1_13' title='bbox 1448 349 1622 389; x_wconf 70' lang='lat' dir='ltr'><strong>Balargurtt</strong></span> <span class='ocrx_word' id='word_1_14' title='bbox 1654 348 1767 380; x_wconf 75' lang='lat' dir='ltr'><strong>librum</strong></span> <span class='ocrx_word' id='word_1_15' title='bbox 1806 358 1859 379; x_wconf 76' lang='lat' dir='ltr'><strong>ea:-</strong></span> 
     </span>
     <span class='ocr_line' id='line_1_3' title="bbox 73 397 1858 443; baseline -0.002 -9"><span class='ocrx_word' id='word_1_16' title='bbox 73 402 304 443; x_wconf 72' lang='lat' dir='ltr'><strong>puynationam</strong></span> <span class='ocrx_word' id='word_1_17' title='bbox 327 401 601 443; x_wconf 80' lang='lat' dir='ltr'><strong>interpretabitur</strong></span> <span class='ocrx_word' id='word_1_18' title='bbox 635 400 667 432; x_wconf 91' lang='lat' dir='ltr'><strong>d.</strong></span> <span class='ocrx_word' id='word_1_19' title='bbox 693 399 789 433; x_wconf 82' lang='lat' dir='ltr'><strong>Mart.</strong></span> <span class='ocrx_word' id='word_1_20' title='bbox 807 399 838 432; x_wconf 87' lang='lat' dir='ltr'><strong>h.</strong></span> <span class='ocrx_word' id='word_1_21' title='bbox 863 399 932 432; x_wconf 87' lang='lat' dir='ltr'><strong>VII.</strong></span> <span class='ocrx_word' id='word_1_22' title='bbox 978 399 1176 431; x_wconf 85' lang='lat' dir='ltr'>Privatim</span> <span class='ocrx_word' id='word_1_23' title='bbox 1205 400 1246 432; x_wconf 90' lang='grc' dir='ltr'><strong>Π.</strong></span> <span class='ocrx_word' id='word_1_24' title='bbox 1293 399 1445 432; x_wconf 78' lang='lat' dir='ltr'><strong><em>Carmina</em></strong></span> <span class='ocrx_word' id='word_1_25' title='bbox 1470 401 1606 432; x_wconf 79' lang='lat' dir='ltr'><strong>Arabica</strong></span> <span class='ocrx_word' id='word_1_26' title='bbox 1628 400 1661 431; x_wconf 86' lang='lat' dir='ltr'><strong>al</strong></span> <span class='ocrx_word' id='word_1_27' title='bbox 1676 397 1858 437; x_wconf 72' lang='lat' dir='ltr'><strong>Mu‘allaltdt</strong></span> 
     </span>
     <span class='ocr_line' id='line_1_4' title="bbox 79 450 1855 494; baseline -0.001 -10"><span class='ocrx_word' id='word_1_28' title='bbox 79 451 170 484; x_wconf 82' lang='lat' dir='ltr'><strong>dicta</strong></span> <span class='ocrx_word' id='word_1_29' title='bbox 193 452 376 494; x_wconf 79' lang='lat' dir='ltr'>explicabit</span> <span class='ocrx_word' id='word_1_30' title='bbox 399 452 431 485; x_wconf 92' lang='lat' dir='ltr'><strong>d.</strong></span> <span class='ocrx_word' id='word_1_31' title='bbox 455 452 538 485; x_wconf 88' lang='lat' dir='ltr'><strong>Lun.</strong></span> <span class='ocrx_word' id='word_1_32' title='bbox 564 458 597 484; x_wconf 88' lang='lat' dir='ltr'><strong>et</strong></span> <span class='ocrx_word' id='word_1_33' title='bbox 618 452 689 484; x_wconf 91' lang='lat' dir='ltr'><strong>Iov.</strong></span> <span class='ocrx_word' id='word_1_34' title='bbox 713 451 746 484; x_wconf 91' lang='lat' dir='ltr'><strong>h.</strong></span> <span class='ocrx_word' id='word_1_35' title='bbox 773 450 843 484; x_wconf 87' lang='lat' dir='ltr'><strong>VH.</strong></span> <span class='ocrx_word' id='word_1_36' title='bbox 888 450 1086 482; x_wconf 81' lang='lat' dir='ltr'>Privatim</span> <span class='ocrx_word' id='word_1_37' title='bbox 1103 451 1159 483; x_wconf 83' lang='lat'><strong>111.</strong></span> <span class='ocrx_word' id='word_1_38' title='bbox 1204 451 1327 483; x_wconf 77' lang='lat' dir='ltr'><strong>Michae</strong></span> <span class='ocrx_word' id='word_1_39' title='bbox 1350 452 1502 483; x_wconf 84' lang='lat' dir='ltr'><strong>vaticinia</strong></span> <span class='ocrx_word' id='word_1_40' title='bbox 1524 450 1800 493; x_wconf 75' lang='lat' dir='ltr'>interpretabitur</span> <span class='ocrx_word' id='word_1_41' title='bbox 1822 450 1855 482; x_wconf 85' lang='lat' dir='ltr'><strong>d.</strong></span> 
     </span>
     <span class='ocr_line' id='line_1_5' title="bbox 78 501 503 536; baseline 0.002 -1"><span class='ocrx_word' id='word_1_42' title='bbox 78 501 182 536; x_wconf 70' lang='lat' dir='ltr'><strong>More.</strong></span> <span class='ocrx_word' id='word_1_43' title='bbox 207 507 240 535; x_wconf 91' lang='lat' dir='ltr'><strong>et</strong></span> <span class='ocrx_word' id='word_1_44' title='bbox 263 502 348 535; x_wconf 85' lang='lat' dir='ltr'><strong>Ven.</strong></span> <span class='ocrx_word' id='word_1_45' title='bbox 372 503 406 536; x_wconf 87' lang='lat' dir='ltr'><strong>h.</strong></span> <span class='ocrx_word' id='word_1_46' title='bbox 430 503 503 536; x_wconf 92' lang='lat' dir='ltr'><strong>VII.</strong></span> 
     </span>
    </p>

    <p class='ocr_par' dir='ltr' id='par_1_3' title="bbox 79 557 1860 754">
     <span class='ocr_line' id='line_1_6' title="bbox 231 557 1857 599; baseline -0.002 -8"><span class='ocrx_word' id='word_1_47' title='bbox 231 557 438 591; x_wconf 79' lang='lat' dir='ltr'><strong>CAROLUS</strong></span> <span class='ocrx_word' id='word_1_48' title='bbox 462 558 644 595; x_wconf 81' lang='lat' dir='ltr'><strong>HINTZE,</strong></span> <span class='ocrx_word' id='word_1_49' title='bbox 673 558 731 590; x_wconf 93' lang='lat' dir='ltr'><strong>Dr.</strong></span> <span class='ocrx_word' id='word_1_50' title='bbox 754 557 788 590; x_wconf 90' lang='lat' dir='ltr'><strong>P.</strong></span> <span class='ocrx_word' id='word_1_51' title='bbox 810 558 847 591; x_wconf 88' lang='lat' dir='ltr'><strong>P.</strong></span> <span class='ocrx_word' id='word_1_52' title='bbox 868 557 907 590; x_wconf 85' lang='lat' dir='ltr'><strong>E.</strong></span> <span class='ocrx_word' id='word_1_53' title='bbox 951 557 1124 589; x_wconf 79' lang='lat' dir='ltr'><strong>Publice</strong></span> <span class='ocrx_word' id='word_1_54' title='bbox 1140 558 1163 590; x_wconf 95' lang='lat'><strong>1.</strong></span> <span class='ocrx_word' id='word_1_55' title='bbox 1208 559 1371 590; x_wconf 78' lang='lat' dir='ltr'><strong><em>Elementa</em></strong></span> <span class='ocrx_word' id='word_1_56' title='bbox 1392 559 1555 599; x_wconf 69' lang='lat' dir='ltr'><strong>yeoloyiae</strong></span> <span class='ocrx_word' id='word_1_57' title='bbox 1578 557 1688 589; x_wconf 83' lang='lat' dir='ltr'><strong>tradet</strong></span> <span class='ocrx_word' id='word_1_58' title='bbox 1711 558 1857 589; x_wconf 90' lang='lat' dir='ltr'><strong>omnium</strong></span> 
     </span>
     <span class='ocr_line' id='line_1_7' title="bbox 79 608 1860 651; baseline -0.002 -8"><span class='ocrx_word' id='word_1_59' title='bbox 79 608 233 643; x_wconf 78' lang='lat' dir='ltr'><strong>ordinum</strong></span> <span class='ocrx_word' id='word_1_60' title='bbox 257 609 542 642; x_wconf 82' lang='lat' dir='ltr'><strong>commilitonibus</strong></span> <span class='ocrx_word' id='word_1_61' title='bbox 567 609 600 643; x_wconf 87' lang='lat' dir='ltr'><strong>d.</strong></span> <span class='ocrx_word' id='word_1_62' title='bbox 618 609 720 642; x_wconf 78' lang='lat' dir='ltr'><strong>Mero.</strong></span> <span class='ocrx_word' id='word_1_63' title='bbox 738 608 769 641; x_wconf 90' lang='lat' dir='ltr'><strong>b.</strong></span> <span class='ocrx_word' id='word_1_64' title='bbox 786 608 861 641; x_wconf 86' lang='lat' dir='ltr'><strong>XII.</strong></span> <span class='ocrx_word' id='word_1_65' title='bbox 908 608 1103 640; x_wconf 83' lang='lat' dir='ltr'><strong>Privatim</strong></span> <span class='ocrx_word' id='word_1_66' title='bbox 1133 609 1174 641; x_wconf 93' lang='grc' dir='ltr'><strong>ΙΙ.</strong></span> <span class='ocrx_word' id='word_1_67' title='bbox 1211 609 1535 651; x_wconf 61' lang='grc' dir='ltr'><strong>Ονῃείαἰίοςγναρὴίαηι</strong></span> <span class='ocrx_word' id='word_1_68' title='bbox 1557 613 1587 640; x_wconf 89' lang='lat' dir='ltr'><strong>et</strong></span> <span class='ocrx_word' id='word_1_69' title='bbox 1609 609 1860 649; x_wconf 70' lang='lat' dir='ltr'><strong>cryetallopticen</strong></span> 
     </span>
     <span class='ocr_line' id='line_1_8' title="bbox 79 659 1859 700; baseline -0.001 -8"><span class='ocrx_word' id='word_1_70' title='bbox 79 659 216 692; x_wconf 77' lang='lat' dir='ltr'><strong>docebit</strong></span> <span class='ocrx_word' id='word_1_71' title='bbox 244 660 276 692; x_wconf 87' lang='lat' dir='ltr'><strong>d.</strong></span> <span class='ocrx_word' id='word_1_72' title='bbox 306 660 387 693; x_wconf 86' lang='lat' dir='ltr'><strong>Luu.</strong></span> <span class='ocrx_word' id='word_1_73' title='bbox 418 660 516 692; x_wconf 83' lang='lat' dir='ltr'><strong>Mart.</strong></span> <span class='ocrx_word' id='word_1_74' title='bbox 543 661 614 693; x_wconf 82' lang='lat' dir='ltr'><strong>Iov.</strong></span> <span class='ocrx_word' id='word_1_75' title='bbox 645 660 725 692; x_wconf 83' lang='lat' dir='ltr'><strong>ven.</strong></span> <span class='ocrx_word' id='word_1_76' title='bbox 757 659 789 692; x_wconf 86' lang='lat' dir='ltr'><strong>h.</strong></span> <span class='ocrx_word' id='word_1_77' title='bbox 818 659 878 692; x_wconf 93' lang='lat' dir='ltr'><strong>IV.</strong></span> <span class='ocrx_word' id='word_1_78' title='bbox 924 659 1207 692; x_wconf 82' lang='lat' dir='ltr'><strong>Privatissime</strong></span> <span class='ocrx_word' id='word_1_79' title='bbox 1233 661 1291 693; x_wconf 86' lang='lat'><strong>111.</strong></span> <span class='ocrx_word' id='word_1_80' title='bbox 1335 660 1374 692; x_wconf 89' lang='lat' dir='ltr'><strong>In</strong></span> <span class='ocrx_word' id='word_1_81' title='bbox 1408 660 1600 692; x_wconf 85' lang='lat' dir='ltr'><strong>laboratorio</strong></span> <span class='ocrx_word' id='word_1_82' title='bbox 1634 660 1859 700; x_wconf 72' lang='lat' dir='ltr'><strong>mineraloyico</strong></span> 
     </span>
     <span class='ocr_line' id='line_1_9' title="bbox 80 710 689 754; baseline -0.002 -11"><span class='ocrx_word' id='word_1_83' title='bbox 80 721 217 754; x_wconf 81' lang='lat' dir='ltr'><strong>operam</strong></span> <span class='ocrx_word' id='word_1_84' title='bbox 241 710 370 743; x_wconf 79' lang='lat' dir='ltr'><strong>daturis</strong></span> <span class='ocrx_word' id='word_1_85' title='bbox 393 710 504 744; x_wconf 80' lang='lat' dir='ltr'><strong>aderit</strong></span> <span class='ocrx_word' id='word_1_86' title='bbox 526 710 689 753; x_wconf 87' lang='lat' dir='ltr'><strong>quotidie.</strong></span> 
     </span>
    </p>

    <p class='ocr_par' dir='ltr' id='par_1_4' title="bbox 79 765 1860 860">
     <span class='ocr_line' id='line_1_10' title="bbox 229 765 1860 807; baseline -0.001 -9"><span class='ocrx_word' id='word_1_87' title='bbox 229 765 461 799; x_wconf 80' lang='lat' dir='ltr'>HENRICUS</span> <span class='ocrx_word' id='word_1_88' title='bbox 487 766 679 807; x_wconf 76' lang='lat' dir='ltr'>GRAETZ,</span> <span class='ocrx_word' id='word_1_89' title='bbox 704 765 760 799; x_wconf 91' lang='lat' dir='ltr'><strong>Dr.</strong></span> <span class='ocrx_word' id='word_1_90' title='bbox 782 766 819 799; x_wconf 93' lang='lat' dir='ltr'><strong>P.</strong></span> <span class='ocrx_word' id='word_1_91' title='bbox 842 766 877 799; x_wconf 92' lang='lat' dir='ltr'><strong>P.</strong></span> <span class='ocrx_word' id='word_1_92' title='bbox 901 766 980 799; x_wconf 93' lang='lat' dir='ltr'><strong>hon.</strong></span> <span class='ocrx_word' id='word_1_93' title='bbox 1030 766 1236 799; x_wconf 78' lang='lat' dir='ltr'><strong>Privatim.</strong></span> <span class='ocrx_word' id='word_1_94' title='bbox 1263 767 1394 798; x_wconf 72' lang='lat' dir='ltr'><strong>Librum</strong></span> <span class='ocrx_word' id='word_1_95' title='bbox 1410 767 1556 798; x_wconf 71' lang='lat' dir='ltr'><strong>Danielis</strong></span> <span class='ocrx_word' id='word_1_96' title='bbox 1579 777 1650 798; x_wconf 80' lang='lat' dir='ltr'><strong>cmn</strong></span> <span class='ocrx_word' id='word_1_97' title='bbox 1672 767 1860 798; x_wconf 75' lang='lat' dir='ltr'><strong>canonicam</strong></span> 
     </span>
     <span class='ocr_line' id='line_1_11' title="bbox 79 817 1109 860; baseline -0.002 -9"><span class='ocrx_word' id='word_1_98' title='bbox 79 821 143 860; x_wconf 66' lang='lat' dir='ltr'><strong>tim</strong></span> <span class='ocrx_word' id='word_1_99' title='bbox 163 818 380 860; x_wconf 73' lang='lat' dir='ltr'><strong>apocryphum</strong></span> <span class='ocrx_word' id='word_1_100' title='bbox 402 818 680 860; x_wconf 74' lang='lat' dir='ltr'><strong>interpretabitur</strong></span> <span class='ocrx_word' id='word_1_101' title='bbox 703 817 820 849; x_wconf 87' lang='lat' dir='ltr'><strong>critice</strong></span> <span class='ocrx_word' id='word_1_102' title='bbox 844 817 895 848; x_wconf 79' lang='lat' dir='ltr'><strong>bis</strong></span> <span class='ocrx_word' id='word_1_103' title='bbox 923 828 982 859; x_wconf 87' lang='lat' dir='ltr'><strong>per</strong></span> <span class='ocrx_word' id='word_1_104' title='bbox 1008 817 1109 849; x_wconf 83' lang='lat' dir='ltr'><strong>hebd.</strong></span> 
     </span>
    </p>

    <p class='ocr_par' dir='ltr' id='par_1_5' title="bbox 81 872 1862 1008">
     <span class='ocr_line' id='line_1_12' title="bbox 231 872 1861 915; baseline 0 -11"><span class='ocrx_word' id='word_1_105' title='bbox 231 872 367 904; x_wconf 84' lang='lat' dir='ltr'>FELIX</span> <span class='ocrx_word' id='word_1_106' title='bbox 394 872 659 910; x_wconf 76' lang='lat' dir='ltr'><strong>BOBERTAG.</strong></span> <span class='ocrx_word' id='word_1_107' title='bbox 691 873 750 906; x_wconf 89' lang='lat' dir='ltr'><strong>Dr.</strong></span> <span class='ocrx_word' id='word_1_108' title='bbox 794 872 994 904; x_wconf 73' lang='lat' dir='ltr'><strong>Privatim</strong></span> <span class='ocrx_word' id='word_1_109' title='bbox 1023 873 1046 905; x_wconf 89' lang='grc' dir='ltr'><strong>Ι.</strong></span> <span class='ocrx_word' id='word_1_110' title='bbox 1091 874 1239 906; x_wconf 78' lang='lat' dir='ltr'><strong>Poe&#39;ticen</strong></span> <span class='ocrx_word' id='word_1_111' title='bbox 1263 873 1400 904; x_wconf 78' lang='lat' dir='ltr'><strong>docebit</strong></span> <span class='ocrx_word' id='word_1_112' title='bbox 1424 873 1476 904; x_wconf 84' lang='lat' dir='ltr'><strong>bis</strong></span> <span class='ocrx_word' id='word_1_113' title='bbox 1500 883 1560 915; x_wconf 82' lang='lat' dir='ltr'><strong>per</strong></span> <span class='ocrx_word' id='word_1_114' title='bbox 1579 872 1679 906; x_wconf 84' lang='lat' dir='ltr'><strong>hebd.</strong></span> <span class='ocrx_word' id='word_1_115' title='bbox 1704 873 1736 905; x_wconf 92' lang='lat' dir='ltr'><strong>d.</strong></span> <span class='ocrx_word' id='word_1_116' title='bbox 1762 872 1861 905; x_wconf 73' lang='lat' dir='ltr'><strong>Mero.</strong></span> 
     </span>
     <span class='ocr_line' id='line_1_13' title="bbox 81 923 1862 967; baseline -0.001 -11"><span class='ocrx_word' id='word_1_117' title='bbox 81 928 115 957; x_wconf 83' lang='lat' dir='ltr'><strong>et</strong></span> <span class='ocrx_word' id='word_1_118' title='bbox 129 923 200 956; x_wconf 70' lang='lat' dir='ltr'><strong>Sat.</strong></span> <span class='ocrx_word' id='word_1_119' title='bbox 222 923 256 956; x_wconf 87' lang='lat' dir='ltr'><strong>h.</strong></span> <span class='ocrx_word' id='word_1_120' title='bbox 276 923 350 956; x_wconf 91' lang='lat' dir='ltr'><strong>XII.</strong></span> <span class='ocrx_word' id='word_1_121' title='bbox 396 923 689 956; x_wconf 81' lang='lat' dir='ltr'><strong>Privatissime</strong></span> <span class='ocrx_word' id='word_1_122' title='bbox 713 929 753 956; x_wconf 94' lang='lat' dir='ltr'><strong>et</strong></span> <span class='ocrx_word' id='word_1_123' title='bbox 775 924 907 967; x_wconf 80' lang='lat' dir='ltr'><strong>gratis</strong></span> <span class='ocrx_word' id='word_1_124' title='bbox 930 924 972 957; x_wconf 90' lang='lat'><strong>11.</strong></span> <span class='ocrx_word' id='word_1_125' title='bbox 1005 926 1261 957; x_wconf 66' lang='lat' dir='ltr'><strong>Exercitationes</strong></span> <span class='ocrx_word' id='word_1_126' title='bbox 1286 926 1477 957; x_wconf 72' lang='lat' dir='ltr'><strong>Theodiscae</strong></span> <span class='ocrx_word' id='word_1_127' title='bbox 1499 925 1654 956; x_wconf 81' lang='lat' dir='ltr'><strong>instituet</strong></span> <span class='ocrx_word' id='word_1_128' title='bbox 1675 924 1778 955; x_wconf 79' lang='lat' dir='ltr'><strong>semel</strong></span> <span class='ocrx_word' id='word_1_129' title='bbox 1801 934 1862 966; x_wconf 90' lang='lat' dir='ltr'><strong>per</strong></span> 
     </span>
     <span class='ocr_line' id='line_1_14' title="bbox 84 973 346 1008; baseline 0 0"><span class='ocrx_word' id='word_1_130' title='bbox 84 973 186 1008; x_wconf 82' lang='lat' dir='ltr'><strong>hebd.</strong></span> <span class='ocrx_word' id='word_1_131' title='bbox 216 975 249 1007; x_wconf 90' lang='lat' dir='ltr'><strong>h.</strong></span> <span class='ocrx_word' id='word_1_132' title='bbox 281 974 346 1008; x_wconf 91' lang='lat' dir='ltr'><strong>def.</strong></span> 
     </span>
    </p>
   </div>
   <div class='ocr_carea' id='block_1_3' title="bbox 76 1029 1867 1701">
    <p class='ocr_par' dir='ltr' id='par_1_6' title="bbox 81 1029 1859 1115">
     <span class='ocr_line' id='line_1_15' title="bbox 231 1029 1859 1074; baseline 0.001 -12"><span class='ocrx_word' id='word_1_133' title='bbox 231 1029 365 1063; x_wconf 84' lang='lat' dir='ltr'>FELIX</span> <span class='ocrx_word' id='word_1_134' title='bbox 387 1030 652 1068; x_wconf 85' lang='lat' dir='ltr'><strong>AUERBACH,</strong></span> <span class='ocrx_word' id='word_1_135' title='bbox 675 1031 734 1064; x_wconf 90' lang='lat' dir='ltr'><strong>Dr.</strong></span> <span class='ocrx_word' id='word_1_136' title='bbox 778 1031 986 1065; x_wconf 78' lang='lat' dir='ltr'><strong>Privatim.</strong></span> <span class='ocrx_word' id='word_1_137' title='bbox 1030 1032 1199 1074; x_wconf 80' lang='lat' dir='ltr'><strong>Principia</strong></span> <span class='ocrx_word' id='word_1_138' title='bbox 1216 1033 1367 1074; x_wconf 71' lang='lat' dir='ltr'><strong>physicae</strong></span> <span class='ocrx_word' id='word_1_139' title='bbox 1390 1033 1626 1064; x_wconf 72' lang='lat' dir='ltr'><strong>mathematicae</strong></span> <span class='ocrx_word' id='word_1_140' title='bbox 1655 1035 1803 1073; x_wconf 83' lang='lat' dir='ltr'><strong>exponet</strong></span> <span class='ocrx_word' id='word_1_141' title='bbox 1826 1030 1859 1063; x_wconf 87' lang='lat' dir='ltr'><strong>d.</strong></span> 
     </span>
     <span class='ocr_line' id='line_1_16' title="bbox 81 1080 458 1115; baseline 0.003 -1"><span class='ocrx_word' id='word_1_142' title='bbox 81 1081 155 1115; x_wconf 82' lang='lat' dir='ltr'><strong>lov,</strong></span> <span class='ocrx_word' id='word_1_143' title='bbox 178 1085 212 1113; x_wconf 88' lang='lat' dir='ltr'><strong>et</strong></span> <span class='ocrx_word' id='word_1_144' title='bbox 236 1080 320 1114; x_wconf 89' lang='lat' dir='ltr'><strong>Ven.</strong></span> <span class='ocrx_word' id='word_1_145' title='bbox 342 1081 375 1115; x_wconf 89' lang='lat' dir='ltr'><strong>h.</strong></span> <span class='ocrx_word' id='word_1_146' title='bbox 400 1082 458 1115; x_wconf 91' lang='lat' dir='ltr'><strong>XI.</strong></span> 
     </span>
    </p>

    <p class='ocr_par' dir='ltr' id='par_1_7' title="bbox 76 1136 1863 1436">
     <span class='ocr_line' id='line_1_17' title="bbox 232 1136 1860 1180; baseline 0.001 -12"><span class='ocrx_word' id='word_1_147' title='bbox 232 1136 511 1170; x_wconf 74' lang='lat' dir='ltr'><strong>BERNARDUS</strong></span> <span class='ocrx_word' id='word_1_148' title='bbox 534 1136 774 1178; x_wconf 84' lang='lat' dir='ltr'>KOSMANN,</span> <span class='ocrx_word' id='word_1_149' title='bbox 799 1137 856 1169; x_wconf 88' lang='lat' dir='ltr'><strong>Dr.</strong></span> <span class='ocrx_word' id='word_1_150' title='bbox 903 1137 1042 1170; x_wconf 77' lang='lat' dir='ltr'><strong>Gratis</strong></span> <span class='ocrx_word' id='word_1_151' title='bbox 1061 1137 1085 1170; x_wconf 90' lang='lat'><strong>1.</strong></span> <span class='ocrx_word' id='word_1_152' title='bbox 1133 1139 1298 1171; x_wconf 68' lang='lat' dir='ltr'><strong>Theoi-iam</strong></span> <span class='ocrx_word' id='word_1_153' title='bbox 1321 1149 1477 1180; x_wconf 76' lang='lat' dir='ltr'><strong>aquaram</strong></span> <span class='ocrx_word' id='word_1_154' title='bbox 1499 1139 1642 1170; x_wconf 71' lang='lat' dir='ltr'><strong>materiis</strong></span> <span class='ocrx_word' id='word_1_155' title='bbox 1664 1138 1860 1170; x_wconf 60' lang='lat' dir='ltr'><strong>minei-alicu}</strong></span> 
     </span>
     <span class='ocr_line' id='line_1_18' title="bbox 76 1187 1862 1237; baseline -0.001 -16"><span class='ocrx_word' id='word_1_156' title='bbox 76 1188 312 1237; x_wconf 74' lang='lat' dir='ltr'><strong>praeditarum,</strong></span> <span class='ocrx_word' id='word_1_157' title='bbox 334 1190 490 1230; x_wconf 81' lang='lat' dir='ltr'><strong>oriyinem</strong></span> <span class='ocrx_word' id='word_1_158' title='bbox 512 1192 604 1230; x_wconf 73' lang='lat' dir='ltr'><strong>atque</strong></span> <span class='ocrx_word' id='word_1_159' title='bbox 626 1189 776 1220; x_wconf 84' lang='lat' dir='ltr'><strong>elementa</strong></span> <span class='ocrx_word' id='word_1_160' title='bbox 799 1199 909 1220; x_wconf 81' lang='lat' dir='ltr'><strong>earum</strong></span> <span class='ocrx_word' id='word_1_161' title='bbox 931 1190 1147 1230; x_wconf 68' lang='lat' dir='ltr'><strong>expositurus,</strong></span> <span class='ocrx_word' id='word_1_162' title='bbox 1172 1189 1309 1221; x_wconf 86' lang='lat' dir='ltr'><strong>docebit</strong></span> <span class='ocrx_word' id='word_1_163' title='bbox 1333 1190 1384 1220; x_wconf 85' lang='lat' dir='ltr'><strong>bis</strong></span> <span class='ocrx_word' id='word_1_164' title='bbox 1408 1200 1468 1231; x_wconf 90' lang='lat' dir='ltr'><strong>per</strong></span> <span class='ocrx_word' id='word_1_165' title='bbox 1484 1189 1585 1222; x_wconf 85' lang='lat' dir='ltr'><strong>hebd.</strong></span> <span class='ocrx_word' id='word_1_166' title='bbox 1610 1189 1641 1222; x_wconf 82' lang='lat' dir='ltr'><strong>h.</strong></span> <span class='ocrx_word' id='word_1_167' title='bbox 1667 1187 1862 1231; x_wconf 79' lang='lat' dir='ltr'><strong>postmerid.</strong></span> 
     </span>
     <span class='ocr_line' id='line_1_19' title="bbox 84 1230 1863 1282; baseline -0.001 -10"><span class='ocrx_word' id='word_1_168' title='bbox 84 1230 150 1272; x_wconf 72' lang='lat' dir='ltr'><strong>def.</strong></span> <span class='ocrx_word' id='word_1_169' title='bbox 211 1238 411 1271; x_wconf 83' lang='lat' dir='ltr'><strong>Privatim</strong></span> <span class='ocrx_word' id='word_1_170' title='bbox 437 1240 478 1272; x_wconf 90' lang='lat'><strong>11.</strong></span> <span class='ocrx_word' id='word_1_171' title='bbox 534 1239 708 1271; x_wconf 75' lang='lat' dir='ltr'><strong>Doctrinae</strong></span> <span class='ocrx_word' id='word_1_172' title='bbox 743 1240 780 1272; x_wconf 88' lang='lat' dir='ltr'><strong>de</strong></span> <span class='ocrx_word' id='word_1_173' title='bbox 813 1241 950 1272; x_wconf 84' lang='lat' dir='ltr'><strong>materia</strong></span> <span class='ocrx_word' id='word_1_174' title='bbox 981 1242 1180 1273; x_wconf 69' lang='lat' dir='ltr'><strong>minet-alium</strong></span> <span class='ocrx_word' id='word_1_175' title='bbox 1211 1242 1348 1273; x_wconf 81' lang='lat' dir='ltr'><strong>chemica</strong></span> <span class='ocrx_word' id='word_1_176' title='bbox 1377 1242 1527 1273; x_wconf 85' lang='lat' dir='ltr'><strong>elementa</strong></span> <span class='ocrx_word' id='word_1_177' title='bbox 1556 1241 1714 1272; x_wconf 79' lang='lat' dir='ltr'><strong>tractabit</strong></span> <span class='ocrx_word' id='word_1_178' title='bbox 1743 1246 1863 1282; x_wconf 84' lang='lat' dir='ltr'><strong>quater</strong></span> 
     </span>
     <span class='ocr_line' id='line_1_20' title="bbox 80 1289 1863 1334; baseline 0 -12"><span class='ocrx_word' id='word_1_179' title='bbox 80 1301 142 1334; x_wconf 84' lang='lat' dir='ltr'><strong>per</strong></span> <span class='ocrx_word' id='word_1_180' title='bbox 166 1289 265 1323; x_wconf 88' lang='lat' dir='ltr'><strong>hebd.</strong></span> <span class='ocrx_word' id='word_1_181' title='bbox 296 1290 328 1323; x_wconf 93' lang='lat' dir='ltr'><strong>h.</strong></span> <span class='ocrx_word' id='word_1_182' title='bbox 354 1296 430 1324; x_wconf 86' lang='lat' dir='ltr'><strong>mat.</strong></span> <span class='ocrx_word' id='word_1_183' title='bbox 456 1290 521 1324; x_wconf 86' lang='lat' dir='ltr'><strong>def.</strong></span> <span class='ocrx_word' id='word_1_184' title='bbox 566 1290 858 1322; x_wconf 81' lang='lat' dir='ltr'><strong>Privatissime</strong></span> <span class='ocrx_word' id='word_1_185' title='bbox 882 1291 939 1323; x_wconf 89' lang='lat'><strong>111.</strong></span> <span class='ocrx_word' id='word_1_186' title='bbox 988 1292 1240 1324; x_wconf 72' lang='lat' dir='ltr'><strong>Exercitationes</strong></span> <span class='ocrx_word' id='word_1_187' title='bbox 1263 1293 1298 1323; x_wconf 87' lang='lat' dir='ltr'><strong>in</strong></span> <span class='ocrx_word' id='word_1_188' title='bbox 1320 1293 1446 1332; x_wconf 79' lang='lat' dir='ltr'><strong>anatysi</strong></span> <span class='ocrx_word' id='word_1_189' title='bbox 1468 1293 1606 1324; x_wconf 78' lang='lat' dir='ltr'><strong>chemica</strong></span> <span class='ocrx_word' id='word_1_190' title='bbox 1628 1292 1813 1333; x_wconf 77' lang='lat' dir='ltr'><strong>qualitativa</strong></span> <span class='ocrx_word' id='word_1_191' title='bbox 1834 1295 1863 1323; x_wconf 86' lang='lat' dir='ltr'><strong>et</strong></span> 
     </span>
     <span class='ocr_line' id='line_1_21' title="bbox 83 1340 1863 1384; baseline -0.001 -11"><span class='ocrx_word' id='word_1_192' title='bbox 83 1342 290 1384; x_wconf 73' lang='lat' dir='ltr'><strong>quamitativa</strong></span> <span class='ocrx_word' id='word_1_193' title='bbox 312 1342 542 1374; x_wconf 80' lang='lat' dir='ltr'><strong>moderabitur</strong></span> <span class='ocrx_word' id='word_1_194' title='bbox 565 1341 596 1374; x_wconf 92' lang='lat' dir='ltr'><strong>d.</strong></span> <span class='ocrx_word' id='word_1_195' title='bbox 622 1341 703 1373; x_wconf 87' lang='lat' dir='ltr'><strong>Lun</strong></span> <span class='ocrx_word' id='word_1_196' title='bbox 727 1342 826 1375; x_wconf 88' lang='lat' dir='ltr'><strong>Mart.</strong></span> <span class='ocrx_word' id='word_1_197' title='bbox 851 1342 1141 1376; x_wconf 83' lang='lat' dir='ltr'><strong>Mero.10v.Ven.</strong></span> <span class='ocrx_word' id='word_1_198' title='bbox 1166 1342 1198 1376; x_wconf 90' lang='lat' dir='ltr'><strong>h.</strong></span> <span class='ocrx_word' id='word_1_199' title='bbox 1222 1348 1298 1374; x_wconf 86' lang='lat' dir='ltr'><strong>mat.</strong></span> <span class='ocrx_word' id='word_1_200' title='bbox 1322 1342 1423 1378; x_wconf 76' lang='lat' dir='ltr'><strong>x-1‚</strong></span> <span class='ocrx_word' id='word_1_201' title='bbox 1448 1341 1643 1384; x_wconf 84' lang='lat' dir='ltr'><strong>postmerid.</strong></span> <span class='ocrx_word' id='word_1_202' title='bbox 1665 1341 1756 1373; x_wconf 84' lang='lat'>111—</span> <span class='ocrx_word' id='word_1_203' title='bbox 1761 1340 1807 1373; x_wconf 85' lang='lat' dir='ltr'><strong>VI</strong></span> <span class='ocrx_word' id='word_1_204' title='bbox 1829 1341 1863 1372; x_wconf 90' lang='lat' dir='ltr'><strong>in</strong></span> 
     </span>
     <span class='ocr_line' id='line_1_22' title="bbox 84 1391 1116 1436; baseline 0.001 -12"><span class='ocrx_word' id='word_1_205' title='bbox 84 1391 290 1425; x_wconf 76' lang='lat' dir='ltr'><strong>laboratorio</strong></span> <span class='ocrx_word' id='word_1_206' title='bbox 323 1394 462 1436; x_wconf 87' lang='lat' dir='ltr'><strong>proprio</strong></span> <span class='ocrx_word' id='word_1_207' title='bbox 497 1393 779 1435; x_wconf 86' lang='lat' dir='ltr'><strong>(Schweidnitzer</strong></span> <span class='ocrx_word' id='word_1_208' title='bbox 802 1393 1029 1436; x_wconf 72' lang='lat' dir='ltr'><strong>Stadtgraben</strong></span> <span class='ocrx_word' id='word_1_209' title='bbox 1055 1394 1116 1435; x_wconf 84' lang='lat'><strong>13).</strong></span> 
     </span>
    </p>

    <p class='ocr_par' dir='ltr' id='par_1_8' title="bbox 82 1447 1863 1594">
     <span class='ocr_line' id='line_1_23' title="bbox 237 1447 1863 1491; baseline -0.001 -11"><span class='ocrx_word' id='word_1_210' title='bbox 237 1447 446 1481; x_wconf 79' lang='lat' dir='ltr'>FRANCUS</span> <span class='ocrx_word' id='word_1_211' title='bbox 475 1447 718 1485; x_wconf 82' lang='lat' dir='ltr'><strong>SCHWARZ,</strong></span> <span class='ocrx_word' id='word_1_212' title='bbox 748 1448 807 1482; x_wconf 87' lang='lat' dir='ltr'><strong>Dr.</strong></span> <span class='ocrx_word' id='word_1_213' title='bbox 857 1448 998 1481; x_wconf 82' lang='lat' dir='ltr'><strong>Gratis</strong></span> <span class='ocrx_word' id='word_1_214' title='bbox 1020 1450 1046 1482; x_wconf 92' lang='grc' dir='ltr'><strong>Ι.</strong></span> <span class='ocrx_word' id='word_1_215' title='bbox 1094 1450 1329 1490; x_wconf 72' lang='lat' dir='ltr'><strong>Phyeioloyiam</strong></span> <span class='ocrx_word' id='word_1_216' title='bbox 1349 1451 1565 1490; x_wconf 64' lang='lat' dir='ltr'><strong>generationis</strong></span> <span class='ocrx_word' id='word_1_217' title='bbox 1589 1454 1738 1491; x_wconf 86' lang='lat' dir='ltr'><strong>exponet</strong></span> <span class='ocrx_word' id='word_1_218' title='bbox 1759 1447 1863 1480; x_wconf 76' lang='lat' dir='ltr'><strong>semel</strong></span> 
     </span>
     <span class='ocr_line' id='line_1_24' title="bbox 82 1498 1863 1543; baseline -0.001 -11"><span class='ocrx_word' id='word_1_219' title='bbox 82 1510 144 1543; x_wconf 85' lang='lat' dir='ltr'><strong>per</strong></span> <span class='ocrx_word' id='word_1_220' title='bbox 159 1498 260 1532; x_wconf 88' lang='lat' dir='ltr'><strong>hebd.</strong></span> <span class='ocrx_word' id='word_1_221' title='bbox 285 1500 316 1532; x_wconf 91' lang='lat' dir='ltr'><strong>h.</strong></span> <span class='ocrx_word' id='word_1_222' title='bbox 336 1499 401 1532; x_wconf 89' lang='lat' dir='ltr'><strong>def.</strong></span> <span class='ocrx_word' id='word_1_223' title='bbox 446 1499 647 1532; x_wconf 77' lang='lat' dir='ltr'><strong>Privatim</strong></span> <span class='ocrx_word' id='word_1_224' title='bbox 670 1500 711 1532; x_wconf 87' lang='grc' dir='ltr'><strong>Π.</strong></span> <span class='ocrx_word' id='word_1_225' title='bbox 756 1500 993 1541; x_wconf 72' lang='lat' dir='ltr'><strong>Physioloyiam</strong></span> <span class='ocrx_word' id='word_1_226' title='bbox 1010 1501 1197 1542; x_wconf 79' lang='lat' dir='ltr'><strong>plantarum</strong></span> <span class='ocrx_word' id='word_1_227' title='bbox 1220 1500 1357 1532; x_wconf 87' lang='lat' dir='ltr'><strong>docebit</strong></span> <span class='ocrx_word' id='word_1_228' title='bbox 1380 1506 1414 1532; x_wconf 86' lang='lat' dir='ltr'><strong>et</strong></span> <span class='ocrx_word' id='word_1_229' title='bbox 1436 1501 1658 1542; x_wconf 68' lang='lat' dir='ltr'><strong>emperimentis</strong></span> <span class='ocrx_word' id='word_1_230' title='bbox 1681 1499 1863 1532; x_wconf 73' lang='lat' dir='ltr'><strong>illustrabit</strong></span> 
     </span>
     <span class='ocr_line' id='line_1_25' title="bbox 85 1550 492 1594; baseline 0 -10"><span class='ocrx_word' id='word_1_231' title='bbox 85 1551 138 1584; x_wconf 85' lang='lat' dir='ltr'><strong>bis</strong></span> <span class='ocrx_word' id='word_1_232' title='bbox 162 1561 222 1594; x_wconf 87' lang='lat' dir='ltr'><strong>per</strong></span> <span class='ocrx_word' id='word_1_233' title='bbox 244 1550 346 1584; x_wconf 84' lang='lat' dir='ltr'><strong>hebd.</strong></span> <span class='ocrx_word' id='word_1_234' title='bbox 370 1551 402 1584; x_wconf 90' lang='lat' dir='ltr'><strong>h.</strong></span> <span class='ocrx_word' id='word_1_235' title='bbox 427 1551 492 1584; x_wconf 82' lang='lat' dir='ltr'><strong>def.</strong></span> 
     </span>
    </p>

    <p class='ocr_par' dir='ltr' id='par_1_9' title="bbox 84 1605 1867 1701">
     <span class='ocr_line' id='line_1_26' title="bbox 115 1605 1861 1653; baseline 0 -15"><span class='ocrx_word' id='word_1_236' title='bbox 115 1649 125 1653; x_wconf 13' lang='grc' dir='ltr'><strong>,Ἰ</strong></span> <span class='ocrx_word' id='word_1_237' title='bbox 237 1605 508 1639; x_wconf 90' lang='lat' dir='ltr'><strong>LEOPOLDUS</strong></span> <span class='ocrx_word' id='word_1_238' title='bbox 528 1606 670 1643; x_wconf 86' lang='lat' dir='ltr'>COHN,</span> <span class='ocrx_word' id='word_1_239' title='bbox 705 1605 763 1638; x_wconf 87' lang='lat' dir='ltr'><strong>Dr.</strong></span> <span class='ocrx_word' id='word_1_240' title='bbox 809 1606 1002 1638; x_wconf 83' lang='lat' dir='ltr'><strong>Privatim</strong></span> <span class='ocrx_word' id='word_1_241' title='bbox 1030 1608 1056 1639; x_wconf 92' lang='grc' dir='ltr'><strong>Ι.</strong></span> <span class='ocrx_word' id='word_1_242' title='bbox 1100 1608 1338 1649; x_wconf 69' lang='grc' dir='ltr'><strong>Ερίρναρὴίοοη</strong></span> <span class='ocrx_word' id='word_1_243' title='bbox 1362 1607 1518 1639; x_wconf 85' lang='lat' dir='ltr'><strong>Graecam</strong></span> <span class='ocrx_word' id='word_1_244' title='bbox 1541 1606 1678 1638; x_wconf 83' lang='lat' dir='ltr'><strong>docebit</strong></span> <span class='ocrx_word' id='word_1_245' title='bbox 1707 1606 1739 1640; x_wconf 94' lang='lat' dir='ltr'><strong>d.</strong></span> <span class='ocrx_word' id='word_1_246' title='bbox 1764 1606 1861 1639; x_wconf 86' lang='lat' dir='ltr'><strong>Mart.</strong></span> 
     </span>
     <span class='ocr_line' id='line_1_27' title="bbox 84 1654 1867 1701; baseline 0 -11"><span class='ocrx_word' id='word_1_247' title='bbox 84 1654 156 1690; x_wconf 62' lang='lat' dir='ltr'><strong>lev.</strong></span> <span class='ocrx_word' id='word_1_248' title='bbox 170 1655 258 1691; x_wconf 82' lang='lat' dir='ltr'><strong>Ven.</strong></span> <span class='ocrx_word' id='word_1_249' title='bbox 275 1657 307 1690; x_wconf 82' lang='lat' dir='ltr'><strong>h.</strong></span> <span class='ocrx_word' id='word_1_250' title='bbox 324 1657 411 1691; x_wconf 88' lang='lat' dir='ltr'><strong>VIII.</strong></span> <span class='ocrx_word' id='word_1_251' title='bbox 446 1657 737 1690; x_wconf 81' lang='lat' dir='ltr'><strong>Privatiseime</strong></span> <span class='ocrx_word' id='word_1_252' title='bbox 761 1662 800 1689; x_wconf 91' lang='lat' dir='ltr'><strong>et</strong></span> <span class='ocrx_word' id='word_1_253' title='bbox 822 1658 955 1701; x_wconf 83' lang='lat' dir='ltr'><strong>gratis</strong></span> <span class='ocrx_word' id='word_1_254' title='bbox 978 1658 1018 1691; x_wconf 91' lang='lat' dir='ltr'><strong>II.</strong></span> <span class='ocrx_word' id='word_1_255' title='bbox 1049 1659 1299 1690; x_wconf 71' lang='lat' dir='ltr'><strong>Exercitationes</strong></span> <span class='ocrx_word' id='word_1_256' title='bbox 1315 1659 1536 1700; x_wconf 78' lang='lat' dir='ltr'><strong>epiyraphicas</strong></span> <span class='ocrx_word' id='word_1_257' title='bbox 1559 1657 1725 1689; x_wconf 82' lang='lat' dir='ltr'><strong>moderari</strong></span> <span class='ocrx_word' id='word_1_258' title='bbox 1748 1664 1867 1701; x_wconf 82' lang='lat' dir='ltr'><strong>perget</strong></span> 
     </span>
    </p>
   </div>
   <div class='ocr_carea' id='block_1_4' title="bbox 17 1707 536 1767">
    <p class='ocr_par' dir='ltr' id='par_1_10' title="bbox 17 1707 536 1767">
     <span class='ocr_line' id='line_1_28' title="bbox 17 1707 536 1767; baseline 0.002 -27"><span class='ocrx_word' id='word_1_259' title='bbox 17 1758 21 1767; x_wconf 48' lang='grc' dir='ltr'>Ι</span> <span class='ocrx_word' id='word_1_260' title='bbox 85 1707 190 1741; x_wconf 78' lang='lat' dir='ltr'><strong>semel</strong></span> <span class='ocrx_word' id='word_1_261' title='bbox 212 1719 273 1751; x_wconf 88' lang='lat' dir='ltr'><strong>per</strong></span> <span class='ocrx_word' id='word_1_262' title='bbox 296 1708 396 1742; x_wconf 82' lang='lat' dir='ltr'><strong>hebd.</strong></span> <span class='ocrx_word' id='word_1_263' title='bbox 421 1709 453 1742; x_wconf 91' lang='lat' dir='ltr'><strong>h.</strong></span> <span class='ocrx_word' id='word_1_264' title='bbox 471 1707 536 1741; x_wconf 86' lang='lat' dir='ltr'><strong>def.</strong></span> 
     </span>
    </p>
   </div>
   <div class='ocr_carea' id='block_1_5' title="bbox 86 1763 1868 2385">
    <p class='ocr_par' dir='ltr' id='par_1_11' title="bbox 86 1763 1866 1908">
     <span class='ocr_line' id='line_1_29' title="bbox 239 1763 1866 1806; baseline 0 -11"><span class='ocrx_word' id='word_1_265' title='bbox 239 1763 456 1796; x_wconf 85' lang='lat' dir='ltr'><strong>AEMILlUS</strong></span> <span class='ocrx_word' id='word_1_266' title='bbox 480 1763 652 1805; x_wconf 83' lang='lat' dir='ltr'>ROHDE,</span> <span class='ocrx_word' id='word_1_267' title='bbox 676 1764 734 1798; x_wconf 87' lang='lat' dir='ltr'><strong>Dr.</strong></span> <span class='ocrx_word' id='word_1_268' title='bbox 779 1765 974 1796; x_wconf 83' lang='lat' dir='ltr'><strong>Privatim</strong></span> <span class='ocrx_word' id='word_1_269' title='bbox 1001 1765 1026 1797; x_wconf 94' lang='lat' dir='ltr'><strong>I.</strong></span> <span class='ocrx_word' id='word_1_270' title='bbox 1073 1765 1254 1806; x_wconf 76' lang='lat' dir='ltr'><strong>Zooloyiam</strong></span> <span class='ocrx_word' id='word_1_271' title='bbox 1277 1766 1462 1798; x_wconf 80' lang='lat' dir='ltr'><strong>animalium</strong></span> <span class='ocrx_word' id='word_1_272' title='bbox 1484 1766 1700 1798; x_wconf 71' lang='lat' dir='ltr'><strong>mammutium</strong></span> <span class='ocrx_word' id='word_1_273' title='bbox 1728 1764 1866 1796; x_wconf 88' lang='lat' dir='ltr'><strong>docebit</strong></span> 
     </span>
     <span class='ocr_line' id='line_1_30' title="bbox 86 1814 1866 1860; baseline -0.001 -12"><span class='ocrx_word' id='word_1_274' title='bbox 86 1819 137 1860; x_wconf 81' lang='lat' dir='ltr'><strong>ter</strong></span> <span class='ocrx_word' id='word_1_275' title='bbox 158 1825 220 1858; x_wconf 89' lang='lat' dir='ltr'><strong>per</strong></span> <span class='ocrx_word' id='word_1_276' title='bbox 242 1814 343 1847; x_wconf 88' lang='lat' dir='ltr'><strong>hebd.</strong></span> <span class='ocrx_word' id='word_1_277' title='bbox 368 1814 400 1847; x_wconf 92' lang='lat' dir='ltr'><strong>h.</strong></span> <span class='ocrx_word' id='word_1_278' title='bbox 420 1814 486 1848; x_wconf 86' lang='lat' dir='ltr'><strong>def.</strong></span> <span class='ocrx_word' id='word_1_279' title='bbox 530 1815 730 1847; x_wconf 84' lang='lat' dir='ltr'><strong>Privatim</strong></span> <span class='ocrx_word' id='word_1_280' title='bbox 754 1815 794 1848; x_wconf 86' lang='lat'><strong>11.</strong></span> <span class='ocrx_word' id='word_1_281' title='bbox 840 1817 1092 1848; x_wconf 73' lang='lat' dir='ltr'><strong>Exercitationes</strong></span> <span class='ocrx_word' id='word_1_282' title='bbox 1115 1817 1295 1858; x_wconf 76' lang='lat' dir='ltr'><strong>zooloyicas</strong></span> <span class='ocrx_word' id='word_1_283' title='bbox 1318 1820 1346 1849; x_wconf 89' lang='lat' dir='ltr'><strong>et</strong></span> <span class='ocrx_word' id='word_1_284' title='bbox 1367 1818 1613 1858; x_wconf 70' lang='lat' dir='ltr'><strong>microscopicas</strong></span> <span class='ocrx_word' id='word_1_285' title='bbox 1637 1815 1866 1847; x_wconf 85' lang='lat' dir='ltr'><strong>moderabitur</strong></span> 
     </span>
     <span class='ocr_line' id='line_1_31' title="bbox 90 1865 1282 1908; baseline 0.001 -9"><span class='ocrx_word' id='word_1_286' title='bbox 90 1867 170 1908; x_wconf 78' lang='lat' dir='ltr'><strong>(una</strong></span> <span class='ocrx_word' id='word_1_287' title='bbox 193 1877 268 1898; x_wconf 90' lang='lat' dir='ltr'><strong>cum</strong></span> <span class='ocrx_word' id='word_1_288' title='bbox 293 1865 502 1898; x_wconf 86' lang='lat' dir='ltr'><strong>Schneidero</strong></span> <span class='ocrx_word' id='word_1_289' title='bbox 525 1867 562 1899; x_wconf 92' lang='lat' dir='ltr'><strong>P.</strong></span> <span class='ocrx_word' id='word_1_290' title='bbox 584 1867 621 1899; x_wconf 90' lang='lat' dir='ltr'><strong>P.</strong></span> <span class='ocrx_word' id='word_1_291' title='bbox 648 1865 702 1907; x_wconf 93' lang='lat' dir='ltr'><strong>O.)</strong></span> <span class='ocrx_word' id='word_1_292' title='bbox 726 1866 757 1899; x_wconf 89' lang='lat' dir='ltr'><strong>d.</strong></span> <span class='ocrx_word' id='word_1_293' title='bbox 782 1866 880 1899; x_wconf 84' lang='lat' dir='ltr'><strong>Mart.</strong></span> <span class='ocrx_word' id='word_1_294' title='bbox 905 1871 938 1898; x_wconf 92' lang='lat' dir='ltr'><strong>et</strong></span> <span class='ocrx_word' id='word_1_295' title='bbox 960 1867 1030 1899; x_wconf 92' lang='lat' dir='ltr'><strong>Iov.</strong></span> <span class='ocrx_word' id='word_1_296' title='bbox 1055 1867 1087 1899; x_wconf 94' lang='lat' dir='ltr'><strong>h.</strong></span> <span class='ocrx_word' id='word_1_297' title='bbox 1114 1866 1142 1897; x_wconf 94' lang='lat' dir='ltr'>V</span> <span class='ocrx_word' id='word_1_298' title='bbox 1168 1873 1200 1899; x_wconf 83' lang='lat' dir='ltr'><strong>et</strong></span> <span class='ocrx_word' id='word_1_299' title='bbox 1226 1866 1282 1900; x_wconf 85' lang='lat' dir='ltr'><strong>Vl.</strong></span> 
     </span>
    </p>

    <p class='ocr_par' dir='ltr' id='par_1_12' title="bbox 87 1916 1867 2111">
     <span class='ocr_line' id='line_1_32' title="bbox 237 1916 1867 1964; baseline -0.001 -10"><span class='ocrx_word' id='word_1_300' title='bbox 237 1916 564 1954; x_wconf 83' lang='lat' dir='ltr'><strong>FERDINANDUS</strong></span> <span class='ocrx_word' id='word_1_301' title='bbox 589 1921 696 1958; x_wconf 89' lang='lat' dir='ltr'><strong>PAX,</strong></span> <span class='ocrx_word' id='word_1_302' title='bbox 732 1922 790 1954; x_wconf 89' lang='lat' dir='ltr'><strong>Dr.</strong></span> <span class='ocrx_word' id='word_1_303' title='bbox 836 1921 975 1954; x_wconf 81' lang='lat' dir='ltr'><strong>Gratis</strong></span> <span class='ocrx_word' id='word_1_304' title='bbox 1003 1923 1028 1954; x_wconf 93' lang='grc' dir='ltr'><strong>Ι.</strong></span> <span class='ocrx_word' id='word_1_305' title='bbox 1050 1925 1053 1929; x_wconf 90' lang='grc'><strong>“</strong></span> <span class='ocrx_word' id='word_1_306' title='bbox 1073 1923 1304 1962; x_wconf 62' lang='lat' dir='ltr'><strong>Exeat-aiones,</strong></span> <span class='ocrx_word' id='word_1_307' title='bbox 1333 1933 1413 1964; x_wconf 75' lang='lat' dir='ltr'><strong>qaae</strong></span> <span class='ocrx_word' id='word_1_308' title='bbox 1442 1926 1553 1954; x_wconf 83' lang='lat' dir='ltr'><strong>vocant</strong></span> <span class='ocrx_word' id='word_1_309' title='bbox 1581 1923 1755 1962; x_wconf 74' lang='lat' dir='ltr'><strong>botanicae,</strong></span> <span class='ocrx_word' id='word_1_310' title='bbox 1784 1926 1867 1960; x_wconf 84' lang='lat' dir='ltr'><strong>(una</strong></span> 
     </span>
     <span class='ocr_line' id='line_1_33' title="bbox 87 1972 1867 2016; baseline -0.001 -10"><span class='ocrx_word' id='word_1_311' title='bbox 87 1984 163 2006; x_wconf 89' lang='lat' dir='ltr'><strong>cum</strong></span> <span class='ocrx_word' id='word_1_312' title='bbox 185 1973 333 2016; x_wconf 85' lang='lat' dir='ltr'><strong>Englero</strong></span> <span class='ocrx_word' id='word_1_313' title='bbox 357 1975 393 2006; x_wconf 90' lang='lat' dir='ltr'><strong>P.</strong></span> <span class='ocrx_word' id='word_1_314' title='bbox 416 1975 452 2006; x_wconf 88' lang='lat' dir='ltr'><strong>P.</strong></span> <span class='ocrx_word' id='word_1_315' title='bbox 478 1972 532 2010; x_wconf 93' lang='grc' dir='ltr'><strong>Ο.)</strong></span> <span class='ocrx_word' id='word_1_316' title='bbox 556 1973 709 2004; x_wconf 81' lang='lat' dir='ltr'><strong>instituet</strong></span> <span class='ocrx_word' id='word_1_317' title='bbox 732 1972 763 2005; x_wconf 91' lang='lat' dir='ltr'><strong>d.</strong></span> <span class='ocrx_word' id='word_1_318' title='bbox 788 1973 858 2005; x_wconf 83' lang='lat' dir='ltr'><strong>Sat.</strong></span> <span class='ocrx_word' id='word_1_319' title='bbox 882 1973 916 2006; x_wconf 88' lang='lat' dir='ltr'><strong>h.</strong></span> <span class='ocrx_word' id='word_1_320' title='bbox 939 1973 996 2005; x_wconf 84' lang='lat'><strong>111.</strong></span> <span class='ocrx_word' id='word_1_321' title='bbox 1045 1973 1241 2005; x_wconf 83' lang='lat' dir='ltr'><strong>Privatim</strong></span> <span class='ocrx_word' id='word_1_322' title='bbox 1258 1974 1298 2005; x_wconf 90' lang='lat'><strong>11.</strong></span> <span class='ocrx_word' id='word_1_323' title='bbox 1343 1974 1595 2014; x_wconf 69' lang='lat' dir='ltr'><strong>Mor-pholoyiam</strong></span> <span class='ocrx_word' id='word_1_324' title='bbox 1608 1974 1705 2013; x_wconf 72' lang='lat' dir='ltr'><strong>floris</strong></span> <span class='ocrx_word' id='word_1_325' title='bbox 1729 1972 1867 2005; x_wconf 88' lang='lat' dir='ltr'><strong>docebit</strong></span> 
     </span>
     <span class='ocr_line' id='line_1_34' title="bbox 87 2023 1867 2066; baseline -0.001 -9"><span class='ocrx_word' id='word_1_326' title='bbox 87 2024 119 2058; x_wconf 88' lang='lat' dir='ltr'><strong>d.</strong></span> <span class='ocrx_word' id='word_1_327' title='bbox 143 2024 225 2057; x_wconf 89' lang='lat' dir='ltr'><strong>Lun.</strong></span> <span class='ocrx_word' id='word_1_328' title='bbox 249 2029 283 2056; x_wconf 87' lang='lat' dir='ltr'><strong>et</strong></span> <span class='ocrx_word' id='word_1_329' title='bbox 304 2023 391 2056; x_wconf 89' lang='lat' dir='ltr'><strong>Ven.</strong></span> <span class='ocrx_word' id='word_1_330' title='bbox 417 2024 448 2056; x_wconf 87' lang='lat' dir='ltr'><strong>h.</strong></span> <span class='ocrx_word' id='word_1_331' title='bbox 473 2023 529 2057; x_wconf 92' lang='lat' dir='ltr'><strong>Vl.</strong></span> <span class='ocrx_word' id='word_1_332' title='bbox 579 2025 635 2056; x_wconf 92' lang='grc' dir='ltr'><strong>ΠΙ.</strong></span> <span class='ocrx_word' id='word_1_333' title='bbox 680 2025 934 2056; x_wconf 75' lang='lat' dir='ltr'><strong>Exercitationes</strong></span> <span class='ocrx_word' id='word_1_334' title='bbox 964 2025 1006 2056; x_wconf 86' lang='lat' dir='ltr'><strong>ad</strong></span> <span class='ocrx_word' id='word_1_335' title='bbox 1030 2025 1160 2066; x_wconf 75' lang='lat' dir='ltr'><strong>plantas</strong></span> <span class='ocrx_word' id='word_1_336' title='bbox 1189 2025 1446 2056; x_wconf 70' lang='lat' dir='ltr'><strong>determinandas</strong></span> <span class='ocrx_word' id='word_1_337' title='bbox 1476 2025 1609 2056; x_wconf 75' lang='lat' dir='ltr'><strong>idoneae</strong></span> <span class='ocrx_word' id='word_1_338' title='bbox 1638 2023 1867 2056; x_wconf 83' lang='lat' dir='ltr'><strong>moderabitur</strong></span> 
     </span>
     <span class='ocr_line' id='line_1_35' title="bbox 90 2074 481 2111; baseline -0.005 -2"><span class='ocrx_word' id='word_1_339' title='bbox 90 2075 122 2109; x_wconf 86' lang='lat' dir='ltr'><strong>d.</strong></span> <span class='ocrx_word' id='word_1_340' title='bbox 146 2075 230 2111; x_wconf 82' lang='lat' dir='ltr'><strong>Lun.</strong></span> <span class='ocrx_word' id='word_1_341' title='bbox 252 2075 286 2109; x_wconf 86' lang='lat' dir='ltr'><strong>h.</strong></span> <span class='ocrx_word' id='word_1_342' title='bbox 309 2074 343 2107; x_wconf 86' lang='lat' dir='ltr'>X</span> <span class='ocrx_word' id='word_1_343' title='bbox 367 2080 400 2107; x_wconf 87' lang='lat' dir='ltr'><strong>et</strong></span> <span class='ocrx_word' id='word_1_344' title='bbox 422 2075 481 2107; x_wconf 90' lang='lat' dir='ltr'><strong>XI.</strong></span> 
     </span>
    </p>

    <p class='ocr_par' dir='ltr' id='par_1_13' title="bbox 88 2130 1867 2225">
     <span class='ocr_line' id='line_1_36' title="bbox 241 2130 1867 2168; baseline -0.001 -5"><span class='ocrx_word' id='word_1_345' title='bbox 241 2130 487 2163; x_wconf 83' lang='lat' dir='ltr'><strong>ADOLPHUS</strong></span> <span class='ocrx_word' id='word_1_346' title='bbox 512 2130 707 2168; x_wconf 84' lang='lat' dir='ltr'><strong>KNESER,</strong></span> <span class='ocrx_word' id='word_1_347' title='bbox 738 2131 793 2163; x_wconf 88' lang='lat' dir='ltr'><strong>Dr.</strong></span> <span class='ocrx_word' id='word_1_348' title='bbox 841 2130 979 2163; x_wconf 85' lang='lat' dir='ltr'><strong>Gratis</strong></span> <span class='ocrx_word' id='word_1_349' title='bbox 1002 2131 1027 2162; x_wconf 91' lang='grc' dir='ltr'><strong>Ι.</strong></span> <span class='ocrx_word' id='word_1_350' title='bbox 1071 2131 1236 2163; x_wconf 85' lang='lat' dir='ltr'><strong>Elementa</strong></span> <span class='ocrx_word' id='word_1_351' title='bbox 1259 2131 1372 2162; x_wconf 79' lang='lat' dir='ltr'><strong>calculi</strong></span> <span class='ocrx_word' id='word_1_352' title='bbox 1394 2131 1608 2162; x_wconf 77' lang='lat' dir='ltr'><strong>cariationam</strong></span> <span class='ocrx_word' id='word_1_353' title='bbox 1629 2130 1741 2163; x_wconf 83' lang='lat' dir='ltr'><strong>tradet</strong></span> <span class='ocrx_word' id='word_1_354' title='bbox 1763 2131 1867 2162; x_wconf 80' lang='lat' dir='ltr'><strong>semel</strong></span> 
     </span>
     <span class='ocr_line' id='line_1_37' title="bbox 88 2180 1677 2225; baseline -0.001 -11"><span class='ocrx_word' id='word_1_355' title='bbox 88 2193 149 2225; x_wconf 87' lang='lat' dir='ltr'><strong>per</strong></span> <span class='ocrx_word' id='word_1_356' title='bbox 171 2182 275 2217; x_wconf 83' lang='lat' dir='ltr'><strong>hebd.</strong></span> <span class='ocrx_word' id='word_1_357' title='bbox 318 2182 517 2214; x_wconf 88' lang='lat' dir='ltr'><strong>Privatim</strong></span> <span class='ocrx_word' id='word_1_358' title='bbox 537 2183 579 2215; x_wconf 93' lang='grc' dir='ltr'><strong>Π.</strong></span> <span class='ocrx_word' id='word_1_359' title='bbox 626 2183 792 2215; x_wconf 63' lang='lat' dir='ltr'><strong>Theoi-iam</strong></span> <span class='ocrx_word' id='word_1_360' title='bbox 806 2182 1012 2222; x_wconf 77' lang='lat' dir='ltr'><strong>sanctionum</strong></span> <span class='ocrx_word' id='word_1_361' title='bbox 1035 2181 1173 2213; x_wconf 88' lang='lat' dir='ltr'><strong>docebit</strong></span> <span class='ocrx_word' id='word_1_362' title='bbox 1196 2187 1315 2223; x_wconf 84' lang='lat' dir='ltr'><strong>quater</strong></span> <span class='ocrx_word' id='word_1_363' title='bbox 1337 2191 1399 2223; x_wconf 87' lang='lat' dir='ltr'><strong>per</strong></span> <span class='ocrx_word' id='word_1_364' title='bbox 1422 2180 1522 2214; x_wconf 88' lang='lat' dir='ltr'><strong>hebd.</strong></span> <span class='ocrx_word' id='word_1_365' title='bbox 1547 2181 1579 2212; x_wconf 89' lang='lat' dir='ltr'><strong>h.</strong></span> <span class='ocrx_word' id='word_1_366' title='bbox 1603 2180 1677 2213; x_wconf 88' lang='lat' dir='ltr'><strong>XII.</strong></span> 
     </span>
    </p>

    <p class='ocr_par' dir='ltr' id='par_1_14' title="bbox 93 2236 1868 2329">
     <span class='ocr_line' id='line_1_38' title="bbox 245 2236 1868 2279; baseline -0.001 -9"><span class='ocrx_word' id='word_1_367' title='bbox 245 2236 479 2270; x_wconf 78' lang='lat' dir='ltr'>GEORGIUS</span> <span class='ocrx_word' id='word_1_368' title='bbox 509 2236 728 2275; x_wconf 84' lang='lat' dir='ltr'><strong>GUERICH,</strong></span> <span class='ocrx_word' id='word_1_369' title='bbox 767 2237 825 2270; x_wconf 85' lang='lat' dir='ltr'><strong>Dr.</strong></span> <span class='ocrx_word' id='word_1_370' title='bbox 884 2237 1084 2268; x_wconf 84' lang='lat' dir='ltr'><strong>Privatim</strong></span> <span class='ocrx_word' id='word_1_371' title='bbox 1106 2237 1130 2269; x_wconf 91' lang='lat'><strong>1.</strong></span> <span class='ocrx_word' id='word_1_372' title='bbox 1179 2237 1361 2277; x_wconf 77' lang='lat' dir='ltr'><strong>Geoloyiam</strong></span> <span class='ocrx_word' id='word_1_373' title='bbox 1384 2236 1519 2268; x_wconf 63' lang='lat' dir='ltr'><strong>Sile-riae</strong></span> <span class='ocrx_word' id='word_1_374' title='bbox 1542 2236 1699 2268; x_wconf 83' lang='lat' dir='ltr'><strong>tractabit</strong></span> <span class='ocrx_word' id='word_1_375' title='bbox 1727 2236 1779 2268; x_wconf 76' lang='lat' dir='ltr'><strong>bis</strong></span> <span class='ocrx_word' id='word_1_376' title='bbox 1807 2247 1868 2279; x_wconf 85' lang='lat' dir='ltr'><strong>per</strong></span> 
     </span>
     <span class='ocr_line' id='line_1_39' title="bbox 93 2287 1240 2329; baseline 0 -9"><span class='ocrx_word' id='word_1_377' title='bbox 93 2287 195 2322; x_wconf 72' lang='lat' dir='ltr'><strong>hebd.</strong></span> <span class='ocrx_word' id='word_1_378' title='bbox 219 2288 252 2322; x_wconf 87' lang='lat' dir='ltr'><strong>h.</strong></span> <span class='ocrx_word' id='word_1_379' title='bbox 276 2287 342 2322; x_wconf 84' lang='lat' dir='ltr'><strong>def.</strong></span> <span class='ocrx_word' id='word_1_380' title='bbox 388 2288 529 2320; x_wconf 84' lang='lat' dir='ltr'><strong>Gratis</strong></span> <span class='ocrx_word' id='word_1_381' title='bbox 551 2288 593 2320; x_wconf 91' lang='lat'><strong>11.</strong></span> <span class='ocrx_word' id='word_1_382' title='bbox 636 2289 855 2320; x_wconf 73' lang='lat' dir='ltr'><strong>Eaecarsiones</strong></span> <span class='ocrx_word' id='word_1_383' title='bbox 877 2289 1055 2329; x_wconf 74' lang='lat' dir='ltr'><strong>yeotoyicae</strong></span> <span class='ocrx_word' id='word_1_384' title='bbox 1077 2287 1240 2320; x_wconf 87' lang='lat' dir='ltr'><strong>instituet.</strong></span> 
     </span>
    </p>

    <p class='ocr_par' dir='ltr' id='par_1_15' title="bbox 243 2342 1866 2385">
     <span class='ocr_line' id='line_1_40' title="bbox 243 2342 1866 2385; baseline -0.001 -9"><span class='ocrx_word' id='word_1_385' title='bbox 243 2343 370 2376; x_wconf 87' lang='lat' dir='ltr'>OTTO</span> <span class='ocrx_word' id='word_1_386' title='bbox 394 2343 644 2384; x_wconf 85' lang='lat' dir='ltr'>ROSSBACH,</span> <span class='ocrx_word' id='word_1_387' title='bbox 668 2344 726 2377; x_wconf 87' lang='lat' dir='ltr'><strong>Dr.</strong></span> <span class='ocrx_word' id='word_1_388' title='bbox 773 2343 825 2375; x_wconf 88' lang='lat' dir='ltr'><strong>Gr</strong></span> <span class='ocrx_word' id='word_1_389' title='bbox 833 2344 913 2376; x_wconf 76' lang='lat' dir='ltr'><strong>atis</strong></span> <span class='ocrx_word' id='word_1_390' title='bbox 931 2343 955 2376; x_wconf 90' lang='grc' dir='ltr'><strong>Ι.</strong></span> <span class='ocrx_word' id='word_1_391' title='bbox 987 2344 1088 2375; x_wconf 81' lang='lat' dir='ltr'><strong>Taciti</strong></span> <span class='ocrx_word' id='word_1_392' title='bbox 1106 2343 1310 2375; x_wconf 85' lang='lat' dir='ltr'><strong>Germaniam</strong></span> <span class='ocrx_word' id='word_1_393' title='bbox 1333 2342 1606 2384; x_wconf 77' lang='lat' dir='ltr'><strong>interpretabitur</strong></span> <span class='ocrx_word' id='word_1_394' title='bbox 1622 2343 1673 2374; x_wconf 77' lang='lat' dir='ltr'><strong>bie</strong></span> <span class='ocrx_word' id='word_1_395' title='bbox 1689 2353 1750 2385; x_wconf 90' lang='lat' dir='ltr'><strong>per</strong></span> <span class='ocrx_word' id='word_1_396' title='bbox 1765 2342 1866 2375; x_wconf 86' lang='lat' dir='ltr'><strong>hebd.</strong></span> 
     </span>
    </p>
   </div>
   <div class='ocr_carea' id='block_1_6' title="bbox 85 2393 1868 2489">
    <p class='ocr_par' dir='ltr' id='par_1_16' title="bbox 85 2393 1868 2489">
     <span class='ocr_line' id='line_1_41' title="bbox 90 2393 1868 2436; baseline 0 -9"><span class='ocrx_word' id='word_1_397' title='bbox 90 2394 124 2428; x_wconf 87' lang='lat' dir='ltr'><strong>h.</strong></span> <span class='ocrx_word' id='word_1_398' title='bbox 139 2394 206 2428; x_wconf 89' lang='lat' dir='ltr'><strong>def.</strong></span> <span class='ocrx_word' id='word_1_399' title='bbox 251 2395 449 2427; x_wconf 84' lang='lat' dir='ltr'><strong>Privatim</strong></span> <span class='ocrx_word' id='word_1_400' title='bbox 471 2395 512 2428; x_wconf 87' lang='grc' dir='ltr'><strong>ΙΙ.</strong></span> <span class='ocrx_word' id='word_1_401' title='bbox 548 2395 771 2436; x_wconf 71' lang='lat' dir='ltr'><strong>Mytholoyiam</strong></span> <span class='ocrx_word' id='word_1_402' title='bbox 787 2395 943 2427; x_wconf 84' lang='lat' dir='ltr'><strong>Graecam</strong></span> <span class='ocrx_word' id='word_1_403' title='bbox 970 2394 1108 2426; x_wconf 87' lang='lat' dir='ltr'><strong>docebit</strong></span> <span class='ocrx_word' id='word_1_404' title='bbox 1129 2399 1181 2426; x_wconf 86' lang='lat' dir='ltr'><strong>ter</strong></span> <span class='ocrx_word' id='word_1_405' title='bbox 1203 2404 1263 2436; x_wconf 89' lang='lat' dir='ltr'><strong>per</strong></span> <span class='ocrx_word' id='word_1_406' title='bbox 1280 2393 1379 2425; x_wconf 90' lang='lat' dir='ltr'><strong>hebd.</strong></span> <span class='ocrx_word' id='word_1_407' title='bbox 1396 2394 1428 2426; x_wconf 83' lang='lat' dir='ltr'><strong>h.</strong></span> <span class='ocrx_word' id='word_1_408' title='bbox 1446 2393 1511 2427; x_wconf 86' lang='lat' dir='ltr'><strong>def.</strong></span> <span class='ocrx_word' id='word_1_409' title='bbox 1534 2393 1591 2425; x_wconf 90' lang='lat' dir='ltr'><strong>m.</strong></span> <span class='ocrx_word' id='word_1_410' title='bbox 1614 2394 1868 2427; x_wconf 69' lang='lat' dir='ltr'><strong>Exercitationes</strong></span> 
     </span>
     <span class='ocr_line' id='line_1_42' title="bbox 85 2445 979 2489; baseline -0.001 -10"><span class='ocrx_word' id='word_1_411' title='bbox 85 2446 297 2489; x_wconf 61' lang='lat' dir='ltr'><strong>philoloytcas</strong></span> <span class='ocrx_word' id='word_1_412' title='bbox 320 2445 550 2478; x_wconf 83' lang='lat' dir='ltr'><strong>moderabitur</strong></span> <span class='ocrx_word' id='word_1_413' title='bbox 574 2445 625 2477; x_wconf 80' lang='lat' dir='ltr'><strong>bis</strong></span> <span class='ocrx_word' id='word_1_414' title='bbox 648 2455 709 2488; x_wconf 89' lang='lat' dir='ltr'><strong>per</strong></span> <span class='ocrx_word' id='word_1_415' title='bbox 731 2445 831 2478; x_wconf 88' lang='lat' dir='ltr'><strong>hebd.</strong></span> <span class='ocrx_word' id='word_1_416' title='bbox 857 2445 888 2477; x_wconf 86' lang='lat' dir='ltr'><strong>h.</strong></span> <span class='ocrx_word' id='word_1_417' title='bbox 913 2445 979 2478; x_wconf 89' lang='lat' dir='ltr'><strong>def.</strong></span> 
     </span>
    </p>
   </div>
  </div>
 </body>
</html>
