2138 2748
227 899 324 964 Cum
347 941 438 964 anno
462 932 644 973 praeterito
667 932 710 964 ad
733 932 842 974 ipsum
866 932 953 964 hunc
973 932 1162 964 scholarum
1186 932 1219 964 in
1243 932 1459 965 universitate
1483 934 1599 965 nostra
1621 943 1681 975 per
1704 943 1838 967 menses

78 977 229 1021 aestivos
252 983 481 1016 habendarum
505 982 649 1015 indicem
664 983 873 1025 praefatione
889 984 998 1024 aliqua
1015 983 1113 1016 solito
1130 994 1223 1016 more
1240 983 1282 1016 ad
1297 983 1427 1016 litteras
1444 994 1638 1017 communes
1653 985 1842 1027 pertinente

74 1030 310 1078 instruendum
346 1034 470 1067 codicis
505 1034 644 1067 alicuius
678 1036 756 1066 ante
790 1034 852 1066 hos
887 1035 1106 1076 quadraginta
1139 1037 1207 1068 tres
1241 1046 1349 1068 annos
1371 1036 1527 1068 Ambiani
1559 1047 1579 1068 a
1611 1047 1664 1069 me
1699 1036 1840 1078 inspecti

73 1079 336 1130 descriptionem
359 1086 480 1119 litteris
504 1085 805 1128 consignarem‚*)
798 1096 906 1127 lmago
922 1087 1023 1119 totius
1047 1087 1134 1119 illius
1150 1087 1311 1129 temporis
1328 1087 1501 1120 laetissimi
1517 1098 1556 1120 ac
1572 1088 1839 1128 fructuosissimi,

72 1149 137 1196 (ξαρ
146 1136 236 1173 inihi
249 1138 355 1182 patris
372 1138 488 1180 optimi
512 1137 738 1170 munificentia
759 1138 942 1170 liberaliter
958 1141 1119 1171 exornato
1142 1149 1202 1181 per
1219 1139 1366 1180 integros
1389 1139 1473 1171 duos
1490 1149 1598 1171 annos
1623 1139 1835 1173 Germaniam

71 1181 339 1235 meridionalem,
372 1189 751 1230 Batavian1‚Belgiam‚
780 1189 1060 1248 Francogalliam‚
1089 1189 1233 1230 Italiam,
1267 1190 1431 1231 Siciliam,
1468 1190 1636 1223 Austriam
1665 1191 1837 1232 permetiri

70 1231 414 1284 bibliothecarumque
429 1242 607 1274 thesauros
631 1241 676 1273 ibi
701 1243 914 1273 coacervatos
938 1241 1102 1283 inspicere
1126 1244 1224 1284 atque
1247 1242 1289 1274 ad
1306 1242 1417 1274 studia
1431 1253 1505 1275 mea
1528 1241 1688 1275 adhibere
1704 1243 1837 1276 licebat,

71 1289 286 1328 vividissimis
315 1292 483 1326 coloribus
513 1292 673 1325 distincta
701 1293 814 1325 animo
837 1303 912 1325 meo
941 1295 1039 1334 atque
1069 1293 1173 1326 oculis
1197 1294 1447 1326 obversabatur.
1492 1293 1730 1326 Ambianensis
1755 1304 1835 1326 sane

72 1345 306 1385 commoratio,
343 1344 493 1386 quamvis
528 1344 688 1377 ecclesiae
723 1343 925 1377 cathedralis
959 1345 1273 1384 reverendissimae,
1311 1345 1555 1387 amplissimae.
1591 1346 1836 1387 pulcherrimae

71 1392 208 1441 aspectu
231 1397 329 1438 atque
353 1395 574 1429 admiratione
598 1395 782 1435 detinebar,
811 1396 853 1428 ad
881 1407 1065 1438 perpaucas
1095 1397 1247 1438 imaginis
1278 1397 1376 1429 huius
1407 1397 1700 1439 splendidissimae
1724 1399 1837 1438 partes

71 1449 183 1483 minus
215 1443 343 1481 lucidas
380 1447 579 1488 pertinebat.
634 1447 861 1487 Memineram,
894 1458 948 1480 me
975 1448 1176 1481 Ambianum
1211 1450 1291 1488 tum,
1326 1449 1442 1490 Belgia
1480 1448 1620 1481 celerius
1654 1451 1839 1490 peragrata,

69 1491 230 1546 Lugduno
243 1499 444 1532 Batavorum
467 1500 545 1531 ante
568 1498 729 1540 perbreve
752 1501 884 1541 tempus
908 1499 1023 1532 relicto
1045 1499 1240 1541 pervenisse
1257 1501 1356 1542 atque
1379 1511 1399 1533 a
1414 1500 1591 1541 Garnerio,
1614 1500 1839 1533 bibliothecae

69 1552 205 1586 urbicae
239 1551 482 1593 subpraefecto‚
516 1549 656 1582 comiter
690 1553 864 1592 exceptum
899 1553 931 1583 et
964 1551 999 1583 in
1026 1551 1145 1584 studiis
1167 1551 1311 1593 benigne
1334 1551 1493 1591 adiutum,
1527 1554 1702 1594 praeterea
1726 1554 1838 1585 tamen

70 1599 196 1636 civibus
219 1613 288 1636 non
311 1604 440 1635 tantum
464 1602 602 1634 omnino
626 1602 786 1643 ignotum,
810 1602 869 1635 sed
892 1613 934 1635 ne
956 1602 1054 1635 unius
1079 1603 1212 1645 quidem
1236 1603 1460 1644 cognoscendi
1490 1606 1628 1645 propter
1651 1603 1837 1637 studiorum

72 1654 341 1688 communionem
366 1654 544 1694 curiosum,
567 1654 694 1695 aliquot
717 1654 788 1686 dies
809 1654 957 1696 pessimo
980 1655 1060 1687 anni
1076 1657 1226 1696 tempore
1242 1655 1507 1696 squalidissimos
1531 1655 1716 1696 fragmento
1739 1655 1836 1688 alicui

68 1705 263 1740 Priscianeo
293 1708 326 1738 et
353 1705 417 1747 ipsi
446 1715 515 1738 non
542 1705 643 1738 nimis
673 1705 843 1738 fructuoso
876 1706 1074 1738 excutiendo
1098 1701 1262 1738 intentum
1293 1707 1374 1738 satis
1397 1717 1531 1738 morose
1555 1706 1599 1739 ibi
1624 1707 1837 1748 transegisse.

47 1762 58 1775 ‘
72 1755 160 1792 Tum
174 1757 339 1791 Lutetiam
354 1756 559 1789 Parisiorum
574 1756 777 1798 properandi
793 1757 1080 1799 bibliothecaeque
1096 1758 1184 1789 illius
1201 1758 1310 1799 regiae
1327 1758 1455 1790 cimelia
1471 1758 1659 1790 admirandi
1681 1761 1780 1800 atque
1803 1758 1837 1790 in

72 1820 127 1843 res
147 1814 243 1843 ‘meas
268 1807 483 1841 convertendi
507 1806 792 1841 studiosissimum
814 1808 925 1840 minus
949 1809 1017 1841 fere
1039 1809 1167 1850 patriae
1191 1809 1392 1841 desiderium
1422 1820 1475 1842 me
1498 1810 1586 1851 cepit
1608 1820 1707 1851 quam
1729 1810 1837 1843 almae

73 1860 162 1895 illius
186 1858 276 1894 sedis
299 1860 468 1893 Musarum
483 1859 639 1899 Batavae‚
661 1859 717 1892 ubi
733 1870 793 1901 per
808 1860 923 1892 decem
946 1859 1015 1893 fere
1031 1861 1259 1893 hebdomades
1274 1863 1423 1893 moratus
1440 1871 1541 1900 eram,
1564 1863 1762 1902 tempestate
1777 1872 1837 1904 per

73 1922 109 1946 se
127 1922 208 1946 sane
231 1922 300 1945 non
323 1911 433 1945 minus
457 1910 570 1953 iniqua
594 1911 675 1944 satis
698 1912 823 1951 tristes,
847 1911 907 1944 sed
930 1921 999 1944 non
1014 1914 1143 1944 tantum
1160 1912 1345 1944 studiorum
1368 1922 1518 1945 meorum
1540 1913 1774 1954 progressibus
1796 1923 1835 1946 ac

73 1958 292 2006 pfoventibus
307 1963 515 2002 utilissimas,
540 1962 599 1995 sed
622 1963 723 1995 etiam
747 1963 1009 1995 secundissimas
1032 1966 1131 2005 atque
1153 1963 1397 2005 prosperrimas
1420 1964 1567 1996 virorum
1590 1964 1623 1996 in
1640 1964 1759 1996 litteris
1783 1964 1836 1996 his

22 2015 25 2017 ’
73 2016 200 2048 nostris
222 2011 412 2057 principum
445 2016 543 2056 atque
566 2014 829 2047 adulescentium
854 2014 1002 2047 studiose
1037 2024 1094 2047 eos
1128 2015 1365 2047 aemulantium
1400 2015 1610 2054 commercio,
1644 2025 1709 2056 quo
1743 2015 1836 2055 mihi,

70 2066 240 2100 fautorum
269 2066 542 2111 gravissimorum
564 2066 705 2107 Augusti
728 2065 887 2098 Boeckhii
911 2068 1008 2107 atque
1031 2066 1190 2099 Friderici
1205 2066 1380 2098 Ritschelii
1404 2066 1524 2099 litteris
1548 2066 1835 2099 commendaticiis

69 2118 112 2152 ad
144 2117 301 2151 Iacobum
322 2117 482 2157 Geelium,
515 2117 739 2150 bibliothecae
773 2117 923 2158 egregiae
955 2117 1279 2158 Lugduno-Batavae
1312 2117 1515 2159 praesectum
1538 2118 1715 2159 egregium,
1749 2117 1835 2150 datis

73 2169 202 2214 munito
226 2171 259 2203 et
281 2170 323 2202 ab
346 2169 410 2202 hoc
432 2169 503 2202 viro
525 2169 622 2202 unice
637 2169 785 2202 humano
801 2170 900 2211 atque
915 2169 1044 2202 urbano
1060 2166 1457 2211 benignissime'excepto
1474 2171 1507 2201 et
1523 2169 1648 2201 civibus
1665 2178 1835 2201 commen·

77 2221 168 2271 dato?
204 2221 252 2254 uti
290 2220 420 2254 licebat.
471 2220 555 2260 vidi„
589 2220 710 2260 audivi,
744 2220 810 2253 adii
843 2222 976 2263 praeter
1007 2220 1187 2260 Mahnium‚
1222 2230 1336 2253 senem
1368 2220 1603 2259 venerabilem,
1636 2219 1727 2252 viros
1762 2219 1835 2252 illu-

217 2386 240 2422 ‘)
260 2385 413 2415 Occasione
432 2386 528 2413 oblata
545 2386 626 2413 liceat
644 2386 757 2413 alterius
776 2386 878 2413 codicis
897 2385 994 2413 Gallici
1012 2385 1180 2412 mentionem
1203 2384 1317 2412 inicere:
1342 2385 1428 2412 codex
1452 2384 1499 2411 ille
1518 2385 1705 2412 conclamatus
1723 2385 1830 2412 Horatii

69 2429 328 2465 Augustodunensis
347 2429 422 2464 (nam
435 2429 693 2463 Augustodunensis
707 2432 756 2462 est,
775 2438 839 2461 non.
858 2432 887 2456 ut
906 2428 970 2456 olim
988 2437 1131 2463 perperam
1145 2428 1249 2463 scripsi.
1268 2428 1536 2462 Autissiodorensis).
1560 2429 1595 2455 de
1613 2437 1668 2463 quo
1687 2428 1741 2456 dixi
1760 2428 1833 2456 anal.

67 2474 105 2501 ad
127 2476 210 2501 carm.
235 2473 330 2500 Horat.
349 2472 493 2500 historiam
511 2473 534 2499 V
552 2481 578 2508 p.
597 2473 631 2500 23
653 2481 723 2507 sqq..
749 2473 777 2500 in
796 2473 993 2500 bibliothecam
1021 2472 1188 2499 nationalem
1215 2472 1367 2499 Par-isinum
1393 2472 1502 2499 videtur
1527 2472 1687 2507 pervenisse
1712 2481 1737 2499 v.
1756 2473 1831 2500 Αειιι.

68 2516 213 2544 Chatelain
235 2522 290 2543 rev.
309 2516 345 2543 de
362 2516 459 2550 philol.
478 2523 504 2542 ιι
521 2524 543 2542 a
561 2515 611 2543 ΧΠ
629 2523 654 2543 a.
674 2516 742 2543 1888
759 2525 785 2550 p.
806 2516 837 2542 13
855 2516 1010 2550 sqq.1psa
1027 2517 1077 2543 illa
1095 2516 1221 2543 analecta
1239 2524 1288 2550 per
1304 2516 1423 2543 mediam
1441 2517 1558 2542 aetatem
1577 2524 1640 2543 mox
1658 2517 1831 2544 continuabit

66 2559 101 2588 B.
117 2559 256 2591 lanitium
271 2559 313 2587 vir
330 2559 538 2617 eruditissimus.
556 2567 603 2586 me
619 2559 681 2593 ipso
698 2559 784 2587 multo
802 2559 902 2587 melius
920 2559 948 2586 in
966 2560 1010 2586 hia
1027 2559 1125 2588 litteris
1143 2562 1267 2587 versatus
1285 2559 1563 2587 cr.1>hn01.n.s.1.
1581 2559 1633 2586 710
1650 2568 1692 2593 sq.

1595 2611 1629 2639 ι.
