2138 2748
1171 251 1193 285 4

289 357 452 391 librorum
475 367 577 390 manu
601 356 803 398 scriptorum
825 357 924 389 fidem
948 358 1108 398 castigata
1131 357 1241 388 denuo
1266 357 1373 396 edam,
1401 358 1438 388 ut
1460 357 1597 389 tandem
1620 356 1800 398 aliquando
1825 357 1865 389 de
1887 357 2067 389 verborum
2133 368 2138 401 ς

289 410 489 442 traditorum
506 409 614 440 forma
630 409 752 440 certius
770 411 912 440 constet.
956 409 993 440 In
1009 408 1050 440 H
1059 409 1172 440 multis
1196 409 1280 440 locis
1304 418 1412 448 neque
1435 411 1593 440 accentus
1615 409 1724 449 gravis
1746 409 1788 440 ab
1805 411 1902 440 acuto
1919 408 2066 440 discerni

289 463 401 502 potest
424 470 532 501 neque
555 460 668 501 liquet,
691 462 803 491 utrum
826 470 983 501 asperum
1000 460 1154 501 spiritum
1177 460 1346 491 anienem
1361 469 1488 500 ponere
1510 460 1653 491 voluerit
1673 460 1845 492 librarius:
1867 459 1970 491 veluti
1991 469 2067 500 pag.

289 513 319 550 9,
343 513 385 543 20
406 510 597 553 ἡρακλείδης
619 521 663 542 an
685 507 887 553 ἧρακλείδης,
912 512 960 550 10,
977 512 1014 543 21
1044 511 1122 543 ῖλιον
1144 521 1188 543 an
1209 510 1295 552 ἴλιον,
1315 511 1364 550 12,
1381 511 1399 542 3
1423 511 1506 553 ἔχειν
1529 521 1572 542 an
1596 511 1689 552 ἔχειν,
1714 511 1763 550 12,
1790 511 1825 542 11
1849 510 1871 553 ἧ
1894 521 1939 543 an
1960 509 1992 552 ἣ,
2017 510 2067 548 13,

290 563 329 594 27
355 562 423 593 ἔθει
445 572 489 594 an
513 562 580 593 ἔθει
604 562 765 602 scriptum
790 563 843 601 sit,
866 562 1055 603 ambigitur.

243 620 279 646 M
444 613 528 645 Cum
552 612 593 644 H
608 613 761 654 proxime
785 616 946 654 cognatus
971 616 1022 645 est
1045 613 1150 645 codex
1173 613 1319 645 Venetus
1342 613 1531 644 Marcianus
1549 612 1701 644 CCLXIII
1725 612 1818 654 (olim
1841 611 2067 653 Bessarionis)

291 664 569 696 membranaceus
593 664 721 696 formae
745 666 881 696 octavae
906 665 1030 696 saeculi
1053 664 1110 696 XV
1134 663 1245 705 (nobis
1269 662 1325 705 M)
1349 663 1595 702 miscellaneus,
1619 663 1660 694 de
1684 673 1749 704 quo
1774 663 1888 695 codice
1912 663 2066 695 conferas

289 717 367 747 Ant.
391 716 432 747 M.
458 716 602 748 Zanettii
626 716 815 756 catalogum
838 715 1000 757 (Venetiis
1028 716 1119 755 1740)
1142 725 1215 755 pag.
1242 715 1302 746 129
1319 725 1368 756 5(1.
1386 717 1418 747 01
1434 715 1497 746 Iac.
1519 715 1661 746 Morellii
1680 714 1926 746 Bibliothecam
1948 724 2066 746 manu—

290 767 450 807 scriptam
472 769 553 798 tom.
582 767 595 798 I
624 767 781 808 (Bassani
812 767 906 808 1802)
929 777 1003 807 pag.
1030 766 1089 798 148
1113 776 1186 807 sqq.
1215 768 1248 797 et
1276 776 1360 806 quae
1389 766 1461 806 ipse
1490 766 1629 806 exposui
1658 766 1693 806 in
1716 766 1828 798 annal.
1851 766 2011 807 philolog.
2035 775 2064 797 a.

292 818 373 850 1867
396 828 470 858 pag.
494 818 558 849 614
582 828 631 858 sq.
676 818 725 849 Ex
750 818 813 849 illis
836 818 970 856 libellis,
994 817 1049 858 qui
1073 817 1187 849 codice
1211 816 1252 848 H
1269 817 1495 856 continentur,
1524 817 1640 849 insunt
1668 816 1702 848 in
1727 815 1772 847 M
1786 817 1828 855 ei,
1858 816 1942 858 quos
1966 825 2068 857 supra

291 869 438 901 numeris
462 870 492 901 2.
516 869 545 901 3.
569 870 599 901 4.
623 869 653 901 5.
677 869 695 901 7
720 869 912 910 significavi,
937 871 1036 909 atque
1054 867 1246 900 ‘Tractatus
1266 868 1478 900 Harleianus’
1499 868 1633 909 quidem
1648 868 1804 900 ultimum
1819 868 1912 900 ineo
1928 869 2069 908 occupat

290 921 401 952 locum
424 920 493 961 (fol.
520 919 762 961 1781—191v).
809 920 1023 960 Elegantiore
1050 929 1153 951 manu
1176 919 1300 960 scripta
1325 921 1403 951 sunt
1432 918 1513 951 folia
1542 919 1765 958 1781-187=‚
1789 919 1901 951 minus
1924 916 2067 959 eleganti

290 981 392 1003 manu
415 971 495 1003 folia
520 972 579 1003 187
589 972 756 1009 ν--191“7;
780 972 873 1010 haec,
897 981 997 1012 quam
1019 972 1132 1003 minus
1156 972 1343 1012 elegantem
1366 981 1442 1003 esse
1465 970 1544 1010 dixi,
1567 970 1672 1002 minio
1695 970 1876 1011 adscripsit
1898 970 1941 1010 ad
1963 969 2067 1002 totius

285 1021 479 1054 ‘Tractatus
502 1023 687 1055 Harleiani'
711 1023 815 1054 verba
837 1022 953 1054 brevia
975 1024 1173 1063 argumenta
1195 1022 1230 1054 in
1254 1022 1415 1063 margine,
1439 1032 1524 1063 quae
1547 1031 1619 1062 ego,
1643 1021 1722 1054 dum
1746 1021 1896 1053 codicem
1918 1021 2068 1053 venetiis

290 1083 381 1105 anno
407 1074 488 1105 1867
512 1074 660 1113 confero,
685 1083 754 1106 non
777 1074 899 1106 curavi.
944 1074 1094 1114 Apparet
1109 1083 1218 1115 neque
1242 1073 1283 1105 H
1292 1083 1334 1106 ex
1351 1073 1396 1104 M
1410 1083 1519 1114 neque
1544 1072 1589 1104 M
1603 1082 1644 1105 ex
1668 1072 1709 1104 H
1725 1073 1964 1114 transcriptum
1981 1081 2067 1110 esse,

291 1125 351 1157 sed
374 1127 552 1166 utrumque
576 1136 617 1157 ex
641 1126 760 1158 eodem
783 1126 964 1167 archetypo
987 1127 1044 1157 aut
1067 1125 1242 1166 deperdito
1265 1127 1322 1157 aut
1345 1125 1379 1156 in
1402 1125 1627 1156 bibliothecae
1650 1124 1790 1156 alicuius
1818 1123 1958 1156 latebris
1986 1123 2069 1156 deli-

290 1179 441 1210 tescente
471 1177 656 1209 derivatum
687 1187 772 1209 esse.
817 1177 885 1209 Nec
913 1177 1051 1209 dubium
1080 1179 1141 1216 est,
1170 1177 1251 1218 quin
1278 1176 1314 1208 in
1343 1177 1400 1208 illo
1429 1177 1609 1217 archetypo
1634 1175 1700 1208 iam
1723 1176 1859 1209 infuerit
1874 1176 2067 1208 ‘Tractatus

290 1226 473 1261 Harleiani’
499 1228 674 1269 inscriptio
699 1228 826 1267 eadem,
855 1237 940 1269 quae
969 1227 1004 1259 in
1035 1227 1082 1258 M·
1101 1227 1170 1269 (fol.
1197 1227 1288 1269 178¹)
1311 1227 1446 1268 legitur:
1470 1223 1695 1269 ,,ἠφαιστίωνος
1716 1227 1788 1269 περὶ
1810 1226 1965 1269 μὲτρων“,
1957 1238 1965 1246 ·
1988 1235 2067 1259 nam

290 1280 391 1312 etiam
419 1279 454 1311 in
483 1279 598 1311 codice
626 1278 669 1318 K,
698 1279 739 1311 de
762 1288 828 1320 quo
857 1279 946 1311 infra
974 1279 1059 1320 (pag.
1083 1279 1115 1319 6)
1139 1279 1258 1318 dicam,
1282 1279 1346 1320 ipsi
1369 1276 1613 1319 Hephaestioni
1640 1286 1818 1319 perperam
1840 1250 2034 1311 attribuitur
2043 1278 2068 1320 ²)

290 1332 374 1364 haec
397 1331 751 1363 commentariolorum
773 1331 991 1362 metricorum
1014 1331 1200 1371 congeries.

256 1395 281 1423 V
442 1382 491 1414 Ex
514 1383 589 1423 ipso
614 1381 659 1413 M
673 1382 721 1414 ita
742 1382 967 1423 transcriptus
983 1383 1045 1420 est,
1067 1383 1105 1414 ut
1126 1382 1343 1414 amanuensis
1366 1380 1578 1422 neglegentia
1601 1381 1805 1414 adderentur
1827 1381 1955 1422 aliquot
1975 1380 2067 1420 vitia,

283 1434 476 1467 ‘Tractatus
508 1430 721 1466 Harleianus'
757 1434 792 1465 in
828 1433 942 1465 codice
976 1434 1104 1465 Veneto
1137 1434 1307 1466 Marciano
1333 1432 1469 1465 DXXXI
1503 1432 1597 1474 (olim
1624 1432 1851 1474 Bessarionis)
1884 1433 2067 1465 chartaceo

289 1487 416 1518 formae
449 1486 519 1517 fere
553 1486 735 1526 quadratae
774 1485 899 1517 saeculi
931 1485 990 1516 XV
1029 1483 1111 1526 (non
1151 1495 1238 1517 saec.
1276 1484 1473 1525 xv-le)
1512 1484 1730 1516 miscellaneo
1769 1484 1882 1526 (nobis
1913 1481 1955 1525 V)
1989 1483 2068 1515 inde

288 1549 308 1570 a
336 1537 417 1569 folio
446 1537 543 1569 246v.
597 1537 715 1569 Insunt
753 1538 865 1569 autem
898 1536 933 1567 in
963 1535 994 1567 V
1014 1536 1056 1567 hi
1089 1536 1181 1568 libri:
1217 1535 1250 1577 1)
1280 1535 1336 1567 fol.
1367 1535 1533 1567 11—801:
1567 1535 1726 1576 anonymi
1760 1534 1990 1576 expositiones
2024 1534 2067 1566 ad

288 1589 427 1620 Homeri
450 1588 587 1620 Iliadem
609 1589 828 1629 pertinentes,
852 1588 893 1620 de
917 1587 1037 1628 quibus
1062 1587 1216 1619 conferas
1241 1587 1383 1619 Zanettii
1410 1587 1599 1627 catalogum
1621 1594 1696 1628 pag.
1720 1587 1782 1619 287
1806 1588 1840 1627 et
1862 1595 1902 1618 ea
1919 1594 2011 1627 -quae
2032 1586 2069 1618 in

255 1635 267 1644 ⁰
290 1640 526 1672 Gaisfordiana
548 1639 810 1680 Hephaestionis
835 1639 982 1671 editione
998 1639 1104 1671 altera
1118 1639 1131 1670 Ι
1146 1648 1221 1680 pag.
1237 1639 1299 1671 457
1316 1638 1351 1670 in
1367 1638 1586 1670 adnotatione
1608 1647 1629 1670 a
1643 1638 1800 1678 leguntur
1822 1637 1916 1679 (inc.:
1938 1636 2070 1679 Χρύσης

290 1690 388 1732 ἱερεὺς
409 1691 464 1723 τοῦ
487 1690 667 1729 ἀπόλλωνος
695 1690 898 1733 παραγίνεται
927 1690 977 1721 ἐπὶ
1004 1689 1056 1722 τὸν
1083 1689 1285 1732 ναύσταθμον
1305 1693 1366 1722 τῶν
1395 1689 1533 1731 ἑλλήνων
1562 1688 1748 1732 βουλόμενος
1769 1687 1992 1731 λυτρώσασθαι
2012 1688 2070 1731 τὴν

289 1742 451 1785 θυγατέρα
474 1740 570 1774 αὐτοῦ
591 1743 759 1785 χρυσηΐδα,
783 1743 803 1775 i.
828 1752 855 1774 e.
879 1742 1022 1774 initium·
1036 1741 1115 1774 facit
1137 1741 1353 1774 notissimum
1377 1741 1458 1773 illud
1481 1741 1558 1773 libri
1573 1740 1686 1773 Iliadis
1698 1741 1799 1782 primi
1821 1743 2069 1782 argumentum3

291 1795 361 1826 des.
385 1795 441 1826 101.
465 1795 539 1826 8οἾ
562 1795 617 1825 καὶ
639 1793 777 1826 ἐνταῦθα
798 1790 925 1835 λήγειή
949 1791 1071 1835 ὁμήρου
1093 1792 1180 1831 ἰλιάς.
1203 1791 1329 1834 τὲλος.);
1353 1792 1407 1832 2²)
1430 1793 1487 1824 101.
1503 1793 1694 1824 80v—88v:
1719 1790 1871 1834 ,,ἐπιτομ’ὴ
1892 1791 1948 1824 νέα
1967 1801 2070 1834 rm*-

292 1846 424 1888 ματικῆς
440 1846 494 1877 καὶ
509 1844 613 1887 πάσης
628 1844 787 1887 ἁπτομένη
812 1842 962 1887 μεθόδου,
985 1842 1027 1882 ὥς
1050 1843 1129 1886 μήτε
1152 1843 1304 1876 ἐλλείπειν
1325 1844 1380 1875 καὶ
1397 1842 1438 1874 τὰ.
1458 1842 1587 1885 περιττὰ
1609 1841 1831 1875 καταλύουσαι
1846 1842 1962 1885 βιβλίον
1982 1842 2068 1885 πρῶ-

291 1907 343 1929 τον
356 1898 438 1928 010.“
456 1911 495 1924 =
516 1897 567 1929 ed.
582 1897 783 1929 Franciscus
799 1896 956 1928 Nicolaus
974 1895 1069 1928 Titze
1085 1896 1120 1927 in
1132 1892 1308 1927 ‘Manuelis
1324 1895 1535 1936 Moschopuli
1552 1894 1725 1927 Cretensis
1741 1904 1856 1935 opusc.
1879 1894 2067 1935 grammat!

291 1948 437 1990 (Lipsiae
459 1950 492 1980 et
511 1949 639 1989 Pragae
662 1947 756 1989 1822)
779 1958 854 1988 pag.
878 1947 1012 1986 17—-43,
1037 1947 1074 1979 17
1102 1946 1158 1989 [=
1178 1947 1228 1978 ed.
1250 1947 1371 1979 Petrus
1395 1947 1556 1987 Egenolff·
1570 1946 1605 1977 in
1623 1942 1805 1987 ‘Anonymi
1832 1946 2070 1986 grammaticae

292 1996 452 2040 epitoma'
477 1999 640 2040 (Berolini
658 1999 752 2040 1877)
775 2008 850 2039 pag.
870 1997 1004 2040 1—40];
1029 1997 1085 2039 21³)
1108 1998 1165 2030 fol.
1181 1998 1245 2030 ggv
1267 1998 1326 2029 inf.
1340 2015 1383 2021 —-
1399 1997 1455 2029 101.
1474 1998 1568 2030 105¹:
1592 1996 1743 2039 ,,ὲπιτομὴ
1765 1996 1820 2029 νὲα
1841 1999 2070 2039 γραμματικῆς,

291 2050 407 2092 βιβλίον
429 2049 573 2092 δεύτερον
601 2052 695 2089 etc.“,
725 2060 825 2091 quem
851 2050 974 2082 librum
1004 2050 1156 2081 nondum
1185 2049 1310 2081 editum
1339 2049 1488 2081 dictante
1516 2059 1570 2080 me
1596 2058 1688 2080 anno
1713 2048 1795 2080 1867
1819 2048 2070 2089 descripserunt

290 2101 431 2133 Adolfus
454 2102 539 2133 Hart
563 2103 596 2134 et
617 2101 782 2133 Rudolfus
812 2100 948 2133 Schoell
978 2100 1079 2142 (conf.
1109 2100 1265 2132 Adolfum
1293 2100 1378 2132 Hart
1400 2098 1456 2131 ‘de
1478 2099 1630 2140 Dionysii
1659 2099 1803 2131 Thracis
1832 2099 2070 2140 grammaticae

291 2153 438 2193 epitoma
458 2152 582 2193 partim
604 2152 741 2190 inedita,
765 2161 850 2193 quae
866 2154 918 2185 est
931 2151 967 2183 in
984 2151 1100 2183 codice
1115 2152 1242 2184 Veneto
1258 2152 1428 2187 Marciano
1450 2150 1596 2184 DXXXI’
1621 2151 1770 2183 Berolini
1795 2151 1874 2183 1871
1899 2146 2081 2192 [inprimis

290 2214 364 2244 pag.
387 2205 427 2235 22
452 2203 540 2246 5(1(1.]
563 2206 663 2244 atque
686 2204 824 2236 Petrum
848 2203 1002 2243 Egenolff
1023 2203 1043 2234 l.
1062 2213 1088 2234 c.
1104 2213 1178 2244 pag.
1195 2204 1222 2235 V
1238 2213 1310 2244 sqq.
1328 2205 1361 2235 et
1376 2203 1412 2234 in
1434 2202 1591 2234 Bursiani
1608 2198 1887 2235 ‘Jahresbericht’
1910 2201 2071 2234 XXXVIII

289 2265 363 2295 pag.
379 2255 480 2296 97)²);
505 2254 539 2296 3)
555 2255 612 2287 101.
630 2255 837 2287 1o5v-106v
852 2255 955 2286 med.:
979 2253 1130 2296 ,,ἐπιτομὴ
1153 2257 1214 2287 τῶν
1237 2254 1324 2287 ἐννέα
1345 2253 1465 2296 μετρῶν
1480 2253 1566 2295 (510),
1589 2253 1627 2285 ἐκ
1648 2253 1703 2285 τοῦ
1723 2252 1911 2295 ἐγχειριδίου
1929 2251 2070 2295 ἡφαιστί-

291 2308 386 2343 ωνος“
411 2306 505 2348 (inc.:
529 2305 574 2338 Τὸ
598 2306 742 2349 ἰαμβικὸν
764 2305 875 2348 μέτρον
897 2305 1034 2348 δέχεται,
1057 2304 1140 2338 κατὰ
1162 2306 1218 2348 μὲν
1232 2305 1287 2344 τὰς
1304 2305 1458 2347 περιττὰς,
1481 2306 1569 2338 des.:
1591 2304 1668 2338 ὅθεν
1691 2303 1846 2347 ἑπίληπτά
1868 2304 1942 2346 ἐπι,
1963 2303 2004 2336 τὰ
2025 2302 2070 2347 μὴ

444 2423 464 2457 ¹)
484 2423 561 2450 Cous.
581 2430 653 2457 quae
672 2422 727 2449 dixi
746 2422 774 2448 in
793 2421 884 2448 annal.
903 2421 1035 2455 philolog.
1056 2429 1079 2448 a.
1101 2422 1167 2448 1867
1186 2429 1248 2455 pag.
1267 2421 1318 2448 609
1337 2429 1398 2455 sqq.

443 2474 465 2507 ²)
483 2475 526 2505 Η1,
552 2482 622 2508 quos
646 2474 767 2500 numeris
790 2474 822 2500 2³
843 2476 871 2500 et
897 2473 930 2499 21)
950 2473 1101 2506 designavi,
1125 2473 1188 2500 libri
1212 2473 1381 2507 granunatici
1408 2472 1565 2506 transcripti
1592 2472 1720 2499 videntur
1742 2480 1775 2498 ex
1798 2471 1894 2499 codice
1920 2471 2070 2499 Harleiano

290 2517 367 2549 5624,
387 2518 421 2544 de
440 2526 495 2551 quo
515 2518 641 2545 conferas
661 2518 819 2551 catalogum
837 2525 921 2551 supra
939 2517 1012 2551 (pag.
1031 2517 1058 2550 3)
1078 2519 1325 2544 commemoratum
1343 2517 1398 2543 vol.
1417 2517 1454 2543 111
1471 2525 1534 2550 pag.
1552 2517 1604 2543 282
1622 2517 1707 2550 (num.
1726 2516 1761 2550 9)Δ
