2138 2748
1137 266 1179 300 54

420 361 749 394 FERDINANDUs
785 361 886 399 PAX,
922 362 980 395 Dr.
1035 363 1233 394 Privatim
1268 363 1293 396 Ι.
1338 362 1590 404 Morpholoyiam
1611 363 1709 403 floris
1738 363 1876 396 docebit
1904 363 1936 395 d.
1963 362 2044 396 Lun.

266 417 298 448 h.
324 415 380 447 Vl.
406 418 439 445 et
462 414 494 446 d.
518 415 589 446 Iov.
614 414 646 446 h.
672 414 713 446 V.
761 415 802 447 11.
825 415 1080 446 Emer-citationes
1104 415 1146 445 ad
1164 415 1295 455 plantas
1319 415 1577 446 determinandas
1600 415 1732 447 idoneas
1758 414 1990 447 moderabitur
2010 414 2044 447 d.

264 467 347 498 Lun.
370 466 403 498 h.
428 465 470 498 X.
496 470 528 497 et
552 465 610 497 XI.
657 465 798 497 Gratis
820 465 878 498 111.
909 466 1128 498 Eaemlrstones
1153 476 1232 507 quas
1261 469 1375 498 vocant
1397 466 1560 498 botanicas
1587 467 1668 506 (una
1690 477 1764 498 cum
1781 467 1820 499 A.
1847 466 1984 509 Engler,
2006 465 2044 500 P.

263 520 298 549 P.
317 517 370 558 Ο.)
393 517 547 548 instituet
570 516 603 549 d.
627 516 697 549 Sat.
721 516 754 549 h.
777 516 835 549 111.

417 567 627 600 ADOLFUS
652 567 855 605 KNESER,
889 567 944 599 Dr.
990 567 1199 600 Privatim.
1244 569 1449 600 Mecha‘m'cen
1477 568 1667 608 analyticam
1695 568 1808 600 tradet
1836 573 1956 611 quater
1984 579 2046 611 per

265 620 365 652 hebd.
390 619 423 653 h.
447 618 506 652 XI.
1968 646 1973 650 .

415 768 692 801 BERNARDUS
718 769 890 802 BEYER.
939 770 1150 803 Privatim.
1203 771 1250 802 De
1279 771 1490 802 architectura
1518 770 1684 802 rusticana
1713 770 1918 811 hydraulica,
1949 781 2045 813 prae-

262 824 353 864 cipue
369 822 406 853 de
425 821 620 853 derivatione
643 831 798 862 aquarum
824 831 885 862 per
913 821 1003 853 tubos
1031 822 1267 862 subterraneos,
1295 823 1334 853 de
1358 825 1528 862 pratorum
1557 821 1745 861 irriyalione
1774 826 1803 854 et
1830 823 1868 854 de
1897 832 2047 863 ayyerwn

264 873 486 913 eoeslrwclione,
510 873 548 904 de
571 883 796 904 mensurarum
819 873 943 904 ratione
966 876 994 904 et
1017 873 1184 905 libratione
1208 872 1352 903 disseret
1375 877 1425 903 ter
1448 883 1508 914 per
1530 871 1631 906 hebd.

414 931 664 963 EDUARDUS
692 931 890 963 KAYSER.
938 931 966 963 G
980 932 1084 963 ratis
1107 933 1132 963 1.
1157 932 1318 964 Silvarum
1334 933 1460 964 tutelam
1484 931 1622 964 docebit
1644 931 1676 965 d.
1700 932 1783 965 Lun.
1809 933 1840 965 Ιι.
1858 932 1923 966 ΙΠ.θ
1938 937 1971 965 et
1985 931 2046 966 IV.

265 984 462 1015 Privatim
483 984 525 1016 11.
550 983 711 1015 Silvarum
733 994 828 1015 usum
851 984 1010 1015 tractabit
1033 983 1065 1016 d.
1090 983 1188 1016 Mart.
1212 983 1245 1016 h.
1267 984 1325 1016 ΙΙΙ.

415 1042 724 1074 BERTHOLDUS
749 1042 896 1075 STEIN.
942 1043 1192 1075 Horticulluram
1221 1044 1453 1076 oeconomicam
1477 1043 1617 1076 docebit
1641 1043 1672 1074 d.
1695 1044 1768 1077 Iov.
1793 1043 1824 1075 h.
1849 1044 1906 1076 111.
1930 1047 1964 1075 et
1986 1043 2046 1078 lv,

794 1335 1100 1379 LECTORES
1134 1335 1498 1379 LINGUARUM.

416 1507 624 1541 CAROLUS
647 1507 919 1540 FREYMOND.
965 1508 1139 1539 Publice
1162 1509 1186 1540 Ι.
1222 1509 1270 1540 De
1292 1509 1357 1540 vita
1379 1508 1658 1540 Beaumarcliaisii
1679 1511 1708 1539 et
1730 1507 1910 1549 aequalium
1932 1507 2045 1539 litteris

264 1562 408 1594 disseret
432 1559 534 1591 semel
558 1569 619 1601 per
641 1558 742 1590 hebd.
766 1559 800 1591 h.
825 1558 890 1591 def.
934 1559 1132 1591 Privatim
1155 1560 1197 1592 ΙΙ.
1222 1559 1374 1600 Syma-wis
1397 1559 1658 1599 Francoyallt‘cae
1679 1569 1749 1590 eam
1766 1562 1904 1600 partem,
1926 1559 1962 1590 in
1982 1568 2047 1600 qua

261 1615 299 1646 de
317 1612 506 1654 pronomine
529 1611 646 1652 ayitur,
669 1611 829 1642 adiunctis
845 1611 1123 1642 emercitationibas
1147 1610 1285 1642 docebit
1307 1611 1360 1642 bis
1384 1621 1444 1652 per
1466 1610 1567 1643 hebd.
1592 1610 1623 1642 b.
1647 1610 1711 1642 def.
1755 1609 2045 1642 Privatissime

262 1666 319 1698 III.
346 1664 533 1697 Comoedias
556 1663 638 1694 duas
661 1673 682 1694 a
703 1654 956 1694 Befiumarclzais
980 1663 1137 1704 scriptas,
1166 1673 1247 1704 quae
1275 1663 1494 1694 inscribuntur
1521 1663 1565 1694 Le
1587 1661 1726 1694 Bao-bier
1753 1662 1791 1694 de
1815 1660 1929 1693 Seniue
1951 1663 1981 1693 et
2001 1662 2046 1694 Le

262 1717 407 1756 Mariaye
438 1715 476 1747 de
498 1715 631 1755 Fiyaro,
661 1724 735 1745 cum
768 1713 1052 1744 commilitonibus
1082 1713 1173 1756 leget
1196 1719 1298 1756 atque
1322 1715 1562 1746 exercitationes
1584 1713 1825 1754 Franeoyallice
1847 1713 1995 1759 loquendi
2016 1715 2046 1744 et

262 1768 422 1800 scribendi
445 1765 598 1797 instituet
621 1765 708 1796 binis
732 1776 793 1807 per
816 1764 918 1797 hebd.
942 1765 973 1798 h.
1000 1764 1066 1796 def.

412 1816 626 1849 RAPHAEL
652 1816 994 1853 LOEWENFELD‚
1026 1816 1084 1847 Dr.
1130 1815 1334 1848 Privatim.
1380 1817 1524 1857 Linquae
1547 1816 1703 1848 Rus-sicae
1726 1806 1878 1847 elementa
1907 1814 2045 1847 docebit

263 1875 296 1902 et
319 1869 579 1901 exercitationes
602 1867 834 1899 moderabitur
855 1872 907 1899 ter
931 1878 990 1910 per
1012 1867 1114 1900 hebd.

414 1919 622 1952 CAROLUS
647 1918 908 1955 LENTZNER,
941 1918 998 1953 Dr.
1045 1918 1241 1950 Privatim
1270 1919 1293 1951 Ι.
1332 1920 1475 1960 Linquae
1507 1919 1659 1959 Anylicae
1692 1918 1843 1949 elementa
1870 1916 1983 1949 tradet
2011 1916 2043 1950 d.

261 1973 358 2005 Mart.
389 1972 421 2004 h.
450 1971 520 2012 XI.⁷
551 1971 583 2003 d.
608 1970 677 2003 Sat.
707 1970 740 2003 h.
770 1970 845 2003 XII.
898 1970 936 2001 lI.
973 1971 1150 2003 Historiam
1178 1971 1355 2002 litterarum
1382 1971 1590 2011 Anylicamm
1618 1979 1701 2001 saec.
1731 1969 1852 2001 XVIII.
1875 1968 2046 2000 enarrabit

262 2025 292 2057 d.
318 2024 401 2055 Lun.
431 2023 533 2055 Merc.
557 2022 590 2054 h.
613 2022 671 2054 XI.
716 2022 1007 2053 Privatissime
1043 2026 1081 2052 et
1115 2021 1248 2064 gratis
1282 2023 1338 2053 ΠΙ.
1363 2022 1559 2061 Macaulay's
1583 2021 1715 2060 History
1737 2020 1776 2059 of
1794 2020 1944 2060 Enyland
1966 2029 2041 2050 eum

263 2074 546 2107 commilitonibus
569 2073 660 2116 leget
684 2073 716 2106 d.
739 2073 838 2106 Mart.
862 2073 894 2104 h.
920 2073 976 2106 VI.
1002 2078 1035 2105 et
1059 2073 1132 2106 vn.

414 2245 564 2278 IULIUS
600 2244 880 2286 SCHAEFFER,
915 2244 974 2277 Dr.
1009 2244 1099 2276 Prof.
1163 2245 1305 2277 Gratis
1344 2245 1369 2277 I.
1411 2244 1535 2276 Veteres
1561 2243 1759 2284 psalmorum
1786 2242 1962 2274 cantilenas
1985 2252 2042 2286 ex·

261 2298 403 2340 plicabit
426 2298 458 2330 d.
474 2297 578 2329 Mero.
595 2297 626 2327 h.
643 2297 699 2329 III.
746 2297 785 2328 ΙΙ.
810 2297 918 2328 Artem
936 2297 1085 2338 pluribus
1109 2297 1237 2329 vocibus
1260 2297 1447 2328 concinendi
1471 2294 1607 2326 docebit
1628 2293 1730 2325 semel
1754 2304 1814 2335 per
1829 2291 1930 2325 hebd.
1953 2291 2042 2323 binis

260 2350 353 2381 horis
379 2349 443 2381 def.
