2138 2748
278 248 319 279 24
892 243 984 271 LVD.
1006 243 1227 270 CARRIONIS
1245 243 1383 270 NOTAE
1400 243 1449 270 IN

191 336 205 364 ἓ
226 333 257 359 12
431 335 528 363 curiae
546 333 740 372 promes-sua]
785 333 862 362 liber
883 333 1094 368 Buslidianus,
1117 333 1147 361 in
1168 332 1291 361 medium
1314 332 1411 361 curiae
1434 332 1588 370 diyressus.
1626 333 1779 370 vulgatum
1802 333 1892 362 malo.

431 385 513 414 sicuti
525 385 626 422 fuerat
649 384 804 422 denarrat]
850 385 991 414 meliores
1012 384 1141 414 Puteani
1163 385 1354 414 membranae
1377 384 1403 413 ἃ
1425 383 1496 413 item
1517 384 1689 413 Macrobius
1719 384 1748 422 [ἓ
1773 384 1842 421 24];
1870 384 1951 412 simitu*
1960 384 2062 421 suerat

279 431 404 458 enarrat.
441 428 542 466 placet
563 429 664 456 tamen
685 428 818 465 vulgaris
842 427 1000 466 scriptura,
1024 436 1103 465 quae
1126 427 1215 456 etiam
1243 427 1274 456 in
1296 427 1422 464 reliquis
1451 427 1632 456 membranis
1662 428 1718 456 est.
1769 426 1886 456 Gellius
1913 427 1991 456 libro
2020 426 2060 456 11.

280 481 345 509 cap.
370 470 456 500 XXII
480 470 509 509 [ξ
535 470 596 508 27].
641 469 721 499 Haec
743 469 824 499 nahts
846 469 1010 499 Fauorinus
1032 472 1062 499 in
1084 479 1127 507 eo,
1161 479 1215 508 quo
1239 470 1310 507 dicct,
1344 473 1468 507 tempore
1495 469 1575 508 apud
1600 478 1728 498 mensam
1755 478 1837 498 suam
1865 479 1975 498 summa
1999 478 2062 498 cum

279 514 418 552 eleyantia
451 513 601 542 verborum
634 513 770 551 totiusque
803 513 942 542 sermonis
975 514 1102 542 comitate
1135 515 1217 551 atque
1248 513 1345 550 yratia
1372 511 1547 541 denarravit.
1592 512 1752 541 Terentius
1774 512 1967 550 Phormyone
1990 511 2060 550 [sic;

279 557 305 586 V
329 557 358 595 8,
382 557 418 585 51
444 565 472 585 v.
499 556 559 584 944
582 555 640 593 Fu.
684 555 764 585 Haec
786 555 858 585 adeo
881 557 940 584 iam
961 556 1002 585 illi
1024 555 1197 585 denar-rabo.
1235 555 1278 584 sic
1313 555 1402 584 etiam
1436 554 1517 592 apud
1550 555 1701 584 Valerium
1735 554 1876 584 Flaccum
1905 555 1960 593 [III
1989 554 2061 593 640]

281 600 351 629 olim
375 608 413 629 ex
435 598 646 636 antiquissimo
668 599 746 628 libro
771 598 983 628 emendabam:

485 649 692 679 Dememorans
713 649 851 679 mandata
874 648 970 678 dabat.

282 704 372 732 antea
394 701 537 740 scriptum
560 703 638 730 erat:

486 752 566 781 Idem
588 761 675 781 orans
697 751 834 781 mandata
856 751 953 780 dabat.

283 813 384 843 neque
406 807 516 842 tamen,
539 812 654 841 enarro,
677 803 775 832 minus
797 803 938 832 Latinum
962 811 1031 832 esse
1053 811 1149 840 neg03
1173 811 1233 840 quo
1256 802 1428 841 Terentius,
1452 802 1570 840 Cicero,
1593 802 1646 831 alii
1669 804 1739 831 sunt
1759 802 1818 831 vsi.

198 851 212 884 ἓ
235 850 266 876 ¹3
438 855 634 884 exosculatur:
658 854 812 884 consultum
825 854 921 892 facit]
966 854 1008 883 ita
1034 854 1137 891 vulgo.
1175 856 1302 891 vterque
1335 863 1407 883 vero
1441 854 1518 883 liber
1551 854 1695 892 Puteani3
1729 853 1917 883 deosculatur.
1954 852 2066 891 optime

286 899 494 936 Buslidianus3
518 897 695 926 deosculatus
717 897 873 926 consultum
889 897 972 935 facit.
1017 897 1172 926 consultum
1197 897 1311 934 facere,
1343 906 1411 935 pro,
1444 897 1713 926 senatusconsultum
1747 895 1867 925 condere
1898 895 1950 925 vix
1983 895 2066 933 alibi,

287 942 388 980 credo,
410 941 558 970 inuenias.

170 1005 196 1031 p.
219 997 268 1022 115
439 993 468 1021 in
502 992 611 1020 curiam
644 999 678 1019 ne
710 990 868 1028 introeant]
914 990 952 1019 ab
985 999 1044 1019 vno
1078 990 1156 1019 libro
1190 990 1318 1020 Puteani
1347 990 1450 1028 abest3
1483 992 1513 1019 in
1547 990 1675 1030 culriam.
1718 990 1749 1019 in
1783 990 1877 1019 altero
1911 991 1975 1028 est,
2011 998 2068 1018 non

285 1037 433 1066 introeant.

441 1079 526 1115 atque
544 1085 636 1115 puero
656 1076 778 1114 postem]
823 1076 900 1105 liber
921 1075 1115 1105 Buslidianus
1139 1075 1164 1105 ἃ.
1185 1076 1357 1105 Macrobius
1381 1076 1410 1114 [l.
1434 1076 1454 1106 l.
1477 1075 1497 1114 ξ
1521 1076 1587 1114 251:
1611 1077 1691 1114 eique
1703 1083 1804 1113 puero.
1842 1075 1881 1104 ab
1895 1075 1963 1104 vnis
1979 1075 2068 1104 etiam

288 1121 469 1151 membranis
493 1120 580 1148 abest
603 1127 691 1148 omne
714 1118 804 1157 illud3
827 1119 943 1147 honoris
963 1119 1059 1157 gratia
1082 1118 1192 1148 decreto
1215 1118 1332 1148 inditum
1355 1118 1563 1147 Praetextatus.
1601 1119 1639 1147 ab
1663 1118 1802 1147 omnibus
1817 1126 1890 1147 vero
1906 1117 1932 1146 ἃ
1947 1117 2068 1156 scriptis

288 1173 378 1194 manu
401 1163 426 1192 ἃ
448 1162 614 1200 antiquitus
639 1162 775 1199 excusis;
809 1161 929 1191 decreto.
976 1161 1059 1199 quod
1087 1162 1240 1198 quomodo
1270 1170 1436 1199 quorumue
1466 1170 1560 1199 opera
1581 1161 1640 1190 huc
1661 1161 1818 1199 irrepserit
1838 1161 1929 1199 plane
1951 1160 2067 1190 neseio.

883 1270 1019 1306 LIBRO
1042 1270 1183 1305 PRIMO
1206 1271 1300 1306 GAP.
1324 1271 1472 1306 XXIIII.

223 1332 238 1362 ἓ
260 1330 271 1355 1
444 1335 594 1364 illustrium
615 1333 842 1372 eptyrammata.]
887 1342 964 1362 vnae
986 1333 1177 1362 membranae
1199 1333 1342 1371 Puteaniq
1365 1333 1514 1362 illustrium
1536 1333 1591 1362 tria
1613 1333 1829 1371 epigrammata.
1868 1331 1894 1361 ἀ
1915 1332 1946 1361 in
1968 1332 2072 1362 melio-

293 1379 376 1408 ribus
397 1378 483 1407 libris
506 1377 626 1406 additur
646 1377 745 1406 Plauti
767 1385 962 1415 praenomen,
984 1378 1018 1405 vt
1038 1376 1221 1414 reliquorum
1243 1378 1410 1414 poetarum.

226 1427 241 1456 §
260 1424 276 1450 2
445 1429 622 1458 Immortales
643 1428 796 1466 mortales]
842 1437 946 1457 omues
968 1427 1038 1456 libri
1059 1427 1085 1456 ἀ
1106 1436 1204 1466 nuper
1226 1426 1252 1456 &
1274 1428 1344 1456 olim
1368 1427 1495 1465 vulgati:

498 1479 675 1509 Immortales
696 1479 828 1509 mortales
850 1479 875 1507 si
889 1480 969 1517 soret
983 1480 1037 1517 fas
1052 1479 1137 1517 flere,

296 1541 353 1562 nos
381 1533 540 1561 verborum
569 1531 704 1560 ordinem
731 1531 911 1559 mutauimus
941 1531 1037 1559 secuti
1073 1531 1186 1567 optima
1214 1530 1409 1560 collectanea.
1447 1530 1478 1558 in
1502 1530 1612 1567 quibus
1634 1529 1723 1559 liuius
1746 1529 1854 1567 capitis
1876 1529 1970 1559 verba
1990 1529 2073 1559 nulla

297 1577 417 1613 praeter
436 1574 552 1604 isthaec
573 1574 631 1603 tria
654 1574 869 1611 epigrammata
891 1573 1022 1603 fuerunt.
1058 1573 1147 1611 igitur
1169 1574 1199 1602 in
1222 1573 1282 1602 illis
1306 1575 1366 1602 est:

500 1624 636 1654 Mortales
659 1625 831 1654 immortales
843 1625 918 1663 flere
941 1625 966 1653 si
979 1625 1059 1662 soret
1073 1625 1135 1662 fas.

296 1679 379 1707 reete
401 1686 439 1706 an
462 1685 561 1715 secus,
584 1676 635 1705 alii
656 1676 801 1705 iudicent.

452 1727 555 1757 Orchio
578 1727 718 1765 traditus]
762 1727 804 1756 ita
838 1735 942 1756 omnes
974 1727 1044 1756 libri
1067 1726 1093 1755 &
1121 1727 1225 1756 excusi
1258 1726 1284 1756 ἀ
1317 1727 1432 1756 calamo
1468 1727 1590 1756 exarati.
1638 1727 1722 1756 solus
1750 1726 1961 1766 Buslidianus;
1987 1725 2073 1756 Orcla

299 1771 419 1800 traditus
431 1771 564 1801 thesauri.
600 1770 720 1800 Caelius
745 1770 943 1808 [Rhodiginus
967 1769 1019 1798 AL
1036 1770 1078 1798 VI
1096 1770 1143 1807 18]
1167 1770 1285 1799 notauit
1299 1770 1497 1799 Minutianum
1519 1769 1623 1799 nescio
1647 1778 1736 1807 quem
1759 1769 1797 1799 de
1820 1769 2074 1808 orthographiam,

300 1813 511 1851 Orcithesauro,
532 1814 580 1843 his
603 1814 634 1842 in
656 1813 795 1842 versibus
818 1813 940 1850 legisse.
979 1813 1046 1842 sola
1069 1813 1270 1850 collectanea,
1294 1811 1417 1842 Orchino
1440 1813 1581 1843 thesauro.
1620 1812 1677 1841 fuit
1700 1812 1752 1850 qui
1775 1812 1886 1842 Orcino
1914 1812 2074 1851 legendum

298 1859 428 1895 putaret.
466 1857 549 1894 quod
569 1865 631 1885 non
654 1856 793 1885 admitto:
829 1864 1009 1893 quamquam
1033 1855 1207 1894 Victorium,
1241 1856 1395 1893 Sigonium
1429 1855 1455 1884 ἀ
1487 1855 1659 1885 Turnebum
1687 1855 1719 1884 in
1749 1864 1785 1884 ea
1807 1856 1958 1886 sententia
1979 1855 2075 1885 fuisse

299 1909 360 1929 non
382 1901 526 1937 ignorem.
565 1900 609 1929 sic
631 1897 753 1928 Orcirms
775 1898 888 1927 libertus
911 1901 959 1928 est
981 1899 1011 1927 in
1034 1899 1098 1927 iure
1121 1899 1212 1937 ciuili,
1235 1901 1267 1927 vt
1289 1899 1332 1927 ait
1364 1899 1511 1936 leianus
1538 1899 1570 1927 in
1598 1898 1774 1936 fragmentis
1800 1898 1887 1928 titulo
1915 1899 1946 1928 11
1974 1898 2004 1937 [ξ
2034 1898 2074 1937 8],

298 1944 346 1981 qui
368 1942 473 1971 directo
495 1941 566 1970 liber
588 1951 649 1970 esse
671 1942 765 1970 iussus
788 1945 837 1977 est,
870 1941 958 1978 quasi
991 1941 1061 1971 Orci
1088 1942 1185 1979 ipsius
1213 1942 1263 1971 vel
1295 1941 1409 1971 domini
1437 1941 1476 1970 ad
1499 1941 1608 1971 Orcum
1629 1941 1714 1976 missi
1744 1941 1783 1971 sit
1804 1941 1930 1972 libertus
1953 1941 1979 1970 ἀ
2000 1941 2076 1971 nulli

297 1986 458 2023 quicquam
482 1985 605 2014 debeat:
635 1994 702 2014 cum
731 1987 835 2014 contra
862 1984 1159 2014 fideicommissarius
1187 1984 1308 2014 heredis
1337 1985 1377 2014 sit
1404 1985 1530 2014 libertus
1559 1985 1665 2021 illique
1695 1984 1905 2022 obstringatur.
1942 1984 2075 2022 ideoque

295 2037 362 2058 cum
391 2030 519 2057 testator
542 2027 654 2066 Orcini,
676 2030 709 2056 vt
731 2027 803 2065 dixi,
826 2027 926 2056 liberti
950 2028 989 2056 sit
1010 2030 1165 2065 patronus.
1193 2028 1213 2057 l.
1236 2027 1348 2058 XXIII.
1373 2027 1411 2056 de
1433 2028 1533 2065 pecul.
1555 2028 1647 2065 legat.
1671 2027 1717 2065 [D.
1740 2027 1880 2066 XXXIII,
1910 2027 1950 2066 8.]
1988 2027 2076 2057 simul

295 2074 387 2108 atque
421 2071 472 2100 ille
507 2071 524 2100 e
556 2071 635 2100 viuis
673 2070 805 2099 decessit
833 2070 944 2099 desinit
973 2070 999 2099 is
1027 2071 1154 2100 libertus
1182 2070 1294 2100 habere
1322 2073 1492 2108 patronum,
1521 2069 1548 2100 ἀ
1575 2070 1687 2100 nullius
1715 2070 1842 2099 libertus
1865 2079 1935 2100 esse
1958 2070 2075 2100 dicitur.

294 2115 314 2142 1.
338 2115 392 2143 ΙΙΙ.
417 2114 516 2152 [immo
539 2113 559 2143 l.
583 2113 625 2142 IV
646 2113 701 2151 pn]
727 2113 765 2142 de
787 2113 876 2142 bonis
899 2113 998 2143 libert.
1038 2113 1085 2151 [D.
1108 2113 1266 2142 XXXVIII
1290 2113 1329 2151 2.]
1366 2114 1443 2142 male
1474 2113 1552 2142 enim
1580 2113 1716 2142 Alciatus
1752 2113 1804 2150 qui
1837 2122 1899 2142 non
1927 2113 1966 2143 ab
1997 2112 2075 2143 Orco

296 2157 351 2186 sed
374 2157 411 2186 ab
435 2153 532 2196 ὄρθ’ός
553 2165 660 2185 vocem
683 2156 764 2184 illam
788 2155 897 2184 deduci
920 2155 946 2186 ἅ.
975 2154 1108 2185 Orlkinus
1137 2155 1250 2185 libertus
1278 2156 1370 2185 scribi
1402 2156 1508 2186 voluit.
1545 2157 1622 2185 male
1656 2156 1746 2185 etiam
1779 2156 1834 2195 illi,
1869 2156 1921 2194 qui
1954 2154 2091 2186 Orciuus'

296 2200 445 2229 scribunt:
469 2208 535 2228 cum
558 2199 588 2228 in
610 2199 770 2236 pandectis
793 2198 976 2228 Florentinis
1000 2201 1173 2228 constanter
1195 2199 1318 2228 infinitis
1341 2199 1372 2228 in
1393 2199 1470 2228 locis
1494 2197 1615 2228 Orcinus
1637 2199 1793 2228 habeatur.
1830 2198 1857 2229 ἀ
1880 2208 1933 2228 cur
1954 2199 1992 2228 ab
2009 2208 2075 2228 orco

177 2249 204 2274 p·
229 2242 277 2267 116
295 2243 397 2280 potius
421 2241 543 2271 Orciuus
567 2251 657 2279 quam
680 2240 820 2270 Oramus?
855 2241 1015 2279 pandectis
1037 2242 1244 2280 Florenti[ni]s
1266 2241 1355 2271 fidem
1378 2242 1535 2280 derogare,
1556 2242 1648 2271 nullis
1670 2239 1867 2282 praesertim}
1893 2242 2076 2280 argumentis

297 2285 521 2323 accedentibus,
543 2294 605 2314 non
629 2287 676 2314 est
697 2284 756 2313 mei
779 2284 915 2322 pudoris.

399 2438 404 2444 1
448 2403 475 2437 *)
493 2404 524 2430 L.
537 2402 619 2429 huius
633 2402 748 2443 Caecilii
761 2402 907 2429 Minutiani
920 2402 1034 2443 Apuleii
1047 2402 1208 2436 fragmenta
1225 2403 1260 2430 de
1273 2402 1399 2443 orthogr.
1418 2403 1490 2443 (cum
1502 2402 1574 2429 iuris
1588 2403 1642 2429 civ.
1656 2405 1685 2429 et
1697 2402 1857 2444 Symmachi
1868 2402 1998 2437 partibus
2012 2405 2077 2433 etc.)

298 2438 340 2465 ed.
351 2438 440 2465 Maius
452 2439 561 2465 Romae
573 2438 648 2471 1823,
668 2446 747 2464 cuius
757 2437 849 2472 praef.
865 2436 901 2464 cf.
913 2440 927 2470 ¹3·
939 2437 980 2464 ΙΙ·
1005 2440 1110 2464 lterata
1129 2441 1174 2464 est
1188 2446 1206 2465 a
1227 2437 1365 2465 FOsanno
1379 2445 1407 2463 ιιι
1432 2437 1560 2464 eiusdem
1584 2437 1669 2471 Apul.
1688 2438 1834 2464 Mmutiani
1851 2438 1895 2465 ed.
1913 2437 2076 2465 Darmstad.

297 2481 323 2506 p.
342 2473 438 2499 XXIII
457 2481 527 2508 sqq.,
547 2472 596 2499 ubi
614 2472 695 2499 huius
714 2473 770 2499 loci
789 2472 916 2499 Caeliani
934 2480 952 2499 a
969 2458 1044 2499 Maio
1058 2472 1154 2499 omissi
1165 2472 1309 2500 Carrionis
1322 2479 1436 2507 quoque
1448 2471 1473 2498 h.
1487 2472 1505 2498 l.
1521 2472 1608 2499 allato
1622 2472 1696 2499 ratio
1709 2472 1807 2500 habita
1824 2475 1869 2499 est
1881 2480 1908 2507 p.
1926 2472 2023 2500 xxlv
2034 2480 2076 2507 sq.
