2138 2748
1796 249 1836 284 35

223 332 469 368 ARNOLDUS
497 333 678 376 HILLER,
713 333 771 368 Dr.
828 335 966 368 Gratis
995 334 1020 368 I.
1064 335 1112 368 De
1140 336 1259 377 hydro·
1288 341 1317 370 et
1344 337 1600 380 balneotberapia
1630 338 1773 371 disseret
1804 338 1837 372 d.

73 385 144 420 Iov.
167 386 200 420 h.
225 386 265 419 V.
309 387 505 419 Privatim
530 387 569 420 11.
614 387 796 420 Semioticee
819 391 848 419 et
869 388 1058 428 diaynoseoe
1091 388 1271 420 morborum
1293 390 1488 422 internorum
1516 394 1642 431 partem
1671 391 1839 432 specialem

77 439 214 479 (oryana
235 439 459 480 respiratoria,
481 439 666 479 diyestionis
689 443 718 471 et
738 439 921 481 uropoc'tica
944 439 1162 477 continentem)
1185 440 1343 471 tractabit
1366 440 1416 471 biu
1439 451 1499 482 per
1522 441 1621 472 hebd.
1644 441 1677 473 h.
1703 441 1768 473 def.

227 488 433 522 CAROLUS
456 489 674 527 PARTSCH,
700 489 757 522 Dr.
803 489 944 521 Gratis
967 489 990 521 Ι.
1035 490 1084 521 De
1110 491 1320 523 carcinomate
1348 491 1491 522 disseret
1519 492 1621 524 semel
1651 503 1710 535 per
1739 492 1839 524 hebd.

71 539 267 573 Privatim
295 541 335 572 Π.
379 542 428 574 De
451 542 594 584 aciuryia
618 546 695 584 aget
717 546 768 573 ter
788 551 850 583 per
871 540 973 573 hebd.
996 540 1029 573 h.
1053 540 1111 572 VI.
1156 541 1213 574 111.
1266 543 1315 574 De
1343 553 1420 574 cara
1451 547 1524 584 post
1557 546 1756 586 operationes
1790 546 1839 577 in-

72 593 230 626 “ituenda
254 591 441 634 disputabit
465 592 515 624 bis
540 603 599 634 per
621 592 723 626 hebd.

225 642 431 676 CAROLUS
455 643 758 686 SCHOENLEIN,
782 643 840 677 Dr.
887 643 1027 676 Gratis
1050 644 1074 675 1.
1119 645 1167 675 De
1185 644 1386 685 pbysioloyia
1409 646 1550 685 auditus,
1581 648 1678 686 vocis,
1701 647 1841 688 loquelae

74 693 217 733 disseret
240 694 272 728 d.
296 696 366 728 Sat.
390 695 422 728 h.
445 694 491 728 X.
534 695 729 727 Privatim
754 695 793 727 11.
837 696 1090 728 Eoeercitationes
1110 697 1272 737 practicus
1295 697 1337 727 ad
1361 696 1591 737 physiologiam
1620 708 1789 730 nervorum
1812 702 1841 730 et

72 746 286 779 musculorum
303 748 497 788 pertinentes
519 747 673 779 instituet
695 747 747 778 bis
771 758 831 789 per
853 746 955 780 hebd.
978 747 1010 778 h.
1035 746 1101 779 def.

208 805 449 840 -IOSEPHUS
478 807 764 844 SCHROETER,
794 807 852 838 Dr.
899 807 1040 839 Gratis
1064 807 1090 839 I.
1135 808 1183 839 De
1205 808 1318 848 funyis
1342 809 1549 839 oeconomicis
1573 807 1717 840 disseret
1739 809 1840 840 semel

73 866 134 900 per
160 857 261 890 hebd.
310 858 506 890 Privatim
538 860 579 891 Π.
630 858 774 899 systema
807 859 1025 899 bacteriorwm,
1050 860 1222 900 praecipue
1254 869 1372 899 yenera
1406 862 1434 890 et
1471 860 1601 900 species,
1635 860 1782 901 byqienes
1815 864 1843 892 et

69 909 270 950 patholoyiae
284 911 408 942 ratione
423 910 530 942 habita
544 911 696 942 notabilia
712 910 870 942 tractabit
893 910 943 941 bis
960 921 1020 953 per
1040 909 1141 942 hebd.
1185 909 1474 941 Privatissime
1499 910 1553 943 ΙΙΙ.
1591 912 1844 942 Exercitationes

73 960 108 992 in
129 961 398 1002 «implorationibus
421 962 592 1003 byyienicis
610 963 785 1003 praecipue
806 962 1055 1003 bacteriotoqicis
1079 961 1308 993 moderabitur
1330 961 1362 992 h.
1387 961 1453 993 def.

611 1219 772 1263 ORDO
803 1218 1311 1268 PHILOSOPHORUM.

226 1398 456 1431 HENRICUS
480 1399 727 1432 EDUARDUS
752 1399 1039 1436 SCHROETER‚
1074 1399 1133 1431 Dr.
1162 1399 1197 1432 P.
1223 1399 1260 1432 P.
1285 1398 1325 1432 O.
1359 1399 1392 1431 h.
1427 1404 1448 1430 t.
1483 1398 1565 1432 Dec.
1614 1399 1784 1431 Publice
1819 1399 1843 1432 1.

75 1449 248 1482 Seminarii
282 1451 364 1492 reyii
398 1451 762 1493 mathematico-physici
794 1453 1034 1484 exercitationes
1067 1451 1297 1483 moderabitur
1336 1450 1438 1482 semel
1478 1462 1538 1493 per
1571 1450 1671 1484 hebd.
1710 1451 1743 1484 h.
1778 1450 1844 1483 def.

75 1501 268 1534 Privatim
300 1501 341 1533 11.
387 1501 547 1534 calculum
575 1503 815 1543 differentialem
843 1507 873 1535 et
900 1505 1050 1536 elementa
1079 1504 1192 1535 calculi
1219 1503 1382 1544 integralis
1413 1509 1561 1544 exponet
1584 1502 1615 1534 d.
1640 1503 1723 1535 Lun.
1747 1502 1846 1534 Mart.

76 1552 145 1585 Iov.
169 1552 255 1585 Ven.
278 1552 311 1585 h.
334 1552 378 1586 X.

228 1611 435 1645 CAROLUS
465 1611 660 1644 IACOBUS
689 1613 894 1651 LOEWIG,
925 1614 984 1647 Dr.
1013 1614 1050 1647 P.
1071 1614 1108 1647 P.
1133 1614 1174 1647 O.
1223 1613 1396 1646 Publice
1425 1614 1449 1648 Ι.
1483 1616 1532 1646 De
1559 1615 1685 1655 analysi
1712 1615 1849 1646 chemica

77 1662 221 1695 disseret
241 1668 293 1695 ter
314 1674 375 1706 per
396 1663 498 1696 hebd.
520 1663 554 1697 h.
581 1663 655 1697 XII.
700 1665 742 1698 ΙΙ.
778 1665 936 1698 Ohemiam
959 1667 1185 1707 anoryanicam
1208 1665 1346 1697 docebit
1369 1671 1402 1697 et
1422 1667 1645 1708 experimentis
1668 1665 1849 1697 illustrabit

78 1714 229 1757 quotidie
244 1714 278 1746 h.
295 1714 384 1747 VIII.
429 1715 718 1759 Privatissime
740 1716 798 1749 111.
826 1718 865 1749 In
880 1718 1075 1750 laboratorio
1091 1717 1227 1750 chemico
1247 1728 1383 1759 operam
1400 1717 1528 1749 daturis
1545 1717 1653 1748 aderit
1670 1717 1848 1759 quinquies

75 1777 136 1808 per
157 1765 259 1799 hebd.
282 1766 315 1799 h.
339 1767 523 1799 consuetis.

226 1826 468 1859 ADOLPHUS
496 1827 768 1860 FRIDERICUS
792 1828 1047 1870 STENZLER,
1074 1828 1133 1861 Dr.
1157 1828 1192 1860 P.
1215 1828 1251 1861 P.
1281 1828 1322 1861 O.
1367 1828 1539 1859 Publice
1568 1828 1591 1860 Ι.
1635 1829 1850 1860 Institutione-s

76 1878 202 1920 linquae
231 1878 416 1911 Sanscritae
452 1879 662 1911 continuabit
689 1879 721 1912 d.
755 1880 853 1913 Mart.
884 1886 917 1912 et
946 1880 1029 1912 Ven.
1060 1880 1092 1912 h.
1121 1880 1176 1928 ΙΙΙ.
1222 1879 1262 1912 II.
1301 1879 1480 1921 Scriptores
1503 1881 1630 1912 Indicos
1653 1880 1850 1919 difficiliores

8 1968 10 1971 Α
80 1929 239 1962 tractabit
262 1929 293 1963 d.
318 1930 415 1962 Mart.
440 1934 473 1962 et
495 1930 579 1963 Ven.
603 1930 636 1962 11.
660 1930 718 1963 lv.

231 1988 439 2035 CAROLUS
456 1990 722 2027 WElNHOLD,
740 1991 797 2023 Dr.
813 1991 849 2023 P.
861 1991 897 2024 P.
911 1991 951 2023 O.
981 1990 1153 2022 Publice
1175 1991 1201 2024 I.
1224 1993 1476 2024 Emer-citationes
1493 1992 1659 2023 seminarii
1672 1991 1852 2023 Germanici

78 2040 244 2073 moderari
266 2046 385 2084 perget
408 2041 439 2075 d.
463 2042 566 2076 Mero.
590 2043 623 2075 11.
658 2042 748 2074 VllI.
778 2048 811 2074 et
838 2042 897 2076 IX.
949 2042 1148 2074 Privatim
1170 2043 1211 2075 ll.
1256 2044 1467 2090 Antiquitates
1501 2043 1708 2074 Germanicas
1743 2041 1852 2073 tradet

79 2091 110 2124 d.
134 2092 218 2126 Lun.
241 2091 339 2124 Mart.
363 2092 433 2126 lov.
455 2092 541 2126 Ven.
565 2093 598 2126 h.
621 2093 681 2127 IX.
1739 2099 1748 2107 ·

230 2151 491 2186 RchARDUS
526 2153 750 2191 ROEPELL,
787 2154 845 2186 Dr.
885 2154 920 2186 P.
954 2153 990 2186 P.
1025 2153 1065 2186 Ο.
1120 2154 1295 2186 Publice
1328 2154 1353 2186 I.
1397 2155 1648 2186 Emer-citationes
1686 2154 1854 2185 seminarii

77 2203 222 2236 historici
248 2204 414 2236 moderari
442 2210 570 2248 perget.
615 2205 812 2237 Privatim
842 2205 882 2238 ΙΙ.
927 2206 1104 2237 Historiam
1128 2206 1319 2238 Germaniae
1340 2207 1414 2237 inde
1437 2205 1475 2237 ab
1498 2217 1528 2237 a.
1558 2205 1640 2236 1815
1662 2204 1773 2235 tradet
1800 2204 1851 2234 bis

79 2265 140 2297 per
166 2254 268 2287 hebd.
292 2255 325 2288 h.
348 2255 423 2288 XII.

230 2314 556 2349 FERDINANDUS
580 2316 784 2354 ROEMER,
808 2316 867 2349 Dr.
883 2316 918 2348 P.
933 2316 966 2349 P.
987 2316 1027 2349 O.
1062 2316 1234 2349 Publice
1247 2317 1270 2349 l.
1299 2318 1476 2349 Historiam
1498 2317 1674 2349 naturalem
1683 2314 1852 2356 fossiliam

79 2365 305 2399 metallicorum
329 2371 479 2410 exponet
501 2367 531 2400 d.
558 2368 627 2400 Sat.
650 2367 683 2401 h.
707 2367 766 2400 IX.
811 2367 1008 2399 Privatim
1031 2368 1072 2400 II.
1113 2369 1295 2410 Geoloyiam
1318 2369 1454 2400 docebit
1477 2368 1655 2411 quinquies
1679 2378 1739 2409 per
1751 2366 1851 2398 hebd.

81 2417 114 2450 h.
149 2417 206 2450 IX.
263 2417 554 2450 Privatissime
592 2424 631 2451 et
668 2419 798 2462 gratis
832 2419 888 2452 Ill.
943 2420 981 2451 In
1013 2430 1121 2452 museo
1155 2421 1378 2461 mineraloyico
1413 2431 1548 2462 operam
1584 2419 1711 2450 daturis
1746 2418 1853 2449 aderit

82 2469 234 2511 quotidie
258 2469 290 2503 h.
314 2469 414 2502 X—I.
