2138 2748
232 356 368 389 FELIX
390 356 650 394 BOBERTAG,
683 357 741 390 Dr.
786 357 1077 388 Privatissime
1102 362 1141 388 et
1164 356 1297 399 gratis
1320 357 1345 390 Ι.
1390 357 1644 389 Εωονσίἰαίἰοηοε
1670 357 1862 390 Theodiaecas

80 408 243 442 instituet.
288 408 485 440 Privatim
519 408 559 440 ΙΙ.
606 409 654 440 De
691 408 816 440 Goethii
852 408 1016 448 tragoedia
1048 408 1198 447 ‚,Faust“
1237 406 1382 438 disseret
1418 407 1470 439 bis
1509 418 1569 449 per
1601 407 1702 441 hebd.
1733 408 1766 440 h.
1796 407 1863 440 des.

80 459 137 493 111.
163 459 316 492 Carmina
341 459 527 499 Theodisca,
551 469 631 501 quae
653 462 807 491 vocantur
829 459 1047 499 „Balladen“‚
1071 463 1219 501 exponet
1242 458 1293 490 bis
1317 469 1377 500 per
1399 458 1501 491 hebd.
1525 458 1556 490 h.
1582 458 1647 491 des.

230 509 364 542 FELIX
386 509 645 547 AUERBACH,
669 508 727 542 Dr.
772 508 980 542 Privatim.
1007 510 1172 542 Theoriam
1195 510 1275 542 lucis
1299 509 1435 541 docebit
1461 514 1511 541 ter
1534 521 1594 551 pei·
1622 510 1722 542 hebd.
1741 510 1772 543 h.
1797 509 1863 544 det.

234 559 513 593 BERNARDUS
537 559 777 600 KOSMANN,
804 559 859 591 Dr.
907 560 1046 593 Gratis
1072 561 1094 593 1.
1125 561 1264 592 Divitias
1287 559 1423 593 Silcsiae
1445 561 1671 593 subterraneas
1695 561 1864 593 enarrabit

81 611 186 644 semel
220 622 281 654 per
307 611 410 645 hebd.
444 611 477 644 h.
512 611 578 644 def.
640 611 837 643 Privatim
865 612 906 644 ΙΙ.
959 612 1120 643 Elementa
1146 611 1307 652 geologiae
1336 611 1491 643 chemicae
1521 611 1632 643 tradet
1661 617 1782 654 quater
1803 622 1865 655 per

81 661 182 696 hebd.
211 662 244 694 h.
270 661 336 695 def.
381 662 674 694 Privatissime
698 662 755 695 111.
804 663 1058 694 Exercitationes
1081 663 1115 694 in
1138 663 1264 703 analysi
1284 663 1484 694 mineralium
1509 662 1697 704 qualitativa
1719 667 1748 695 et
1764 674 1862 705 quon·

80 714 202 748 limana
235 713 465 747 moderabitur
494 713 526 745 d.
560 713 642 745 Lun.
671 713 770 746 Mart.
799 714 902 748 Mero
928 713 998 746 Iov.
1033 713 1116 746 Ven.
1153 713 1184 747 h.
1219 713 1335 745 Χ-Ι
1371 718 1405 744 et
1436 713 1574 745 111—v
1600 714 1632 745 in
1656 714 1862 746 laboratorio

81 764 233 819 chemico
257 766 396 807 proprio
432 764 714 806 (Schweidnitzer
737 764 964 807 Stadtgraben
989 764 1045 797 Nr.
1074 765 1135 805 13)

203 814 504 848 LEOPOLDUS
524 815 662 854 COHN,
686 815 745 848 Dr.
789 815 1078 848 Privatissime
1103 821 1141 847 et
1164 814 1295 857 gratis
1319 815 1343 847 Ι.
1373 816 1625 847 Exercitationes
1641 817 1863 857 epigraphicas

81 866 313 900 moderabitur
336 866 440 899 semel
463 878 524 910 per
546 867 647 899 hebd.
671 867 705 901 h,
729 866 795 899 def.
840 867 1033 899 Privatim
1050 867 1091 899 II.
1129 867 1366 908 Epigraplticen
1392 867 1548 899 Graecam
1571 867 1707 899 docebit
1731 867 1764 901 d.
1780 867 1864 900 Iun.

81 917 154 952 Iov.
170 917 256 951 Ven.
277 917 309 951 h.
325 917 386 951 IX.

233 967 450 1001 AEMILIUS
489 968 661 1010 ROHDE,
700 969 758 1002 Dr.
825 970 989 1001 Elementa
1031 969 1216 1010 histologiae
1253 972 1488 1010 comparativae
1533 969 1670 1001 docebit
1708 970 1759 1001 bis
1804 981 1865 1012 per

80 1019 183 1054 hebd.
206 1019 240 1052 h.
265 1019 331 1053 def.

232 1070 560 1103 FERDINANDUS
595 1070 702 1108 PAX,
738 1071 797 1104 Dr.
843 1070 983 1103 Gratis
1011 1071 1036 1103 Ι.
1087 1071 1136 1102 De
1169 1071 1304 1103 historia
1331 1072 1519 1112 plantarum
1557 1072 1713 1104 cultarum
1751 1083 1863 1104 coram

80 1121 245 1156 studiosis
274 1122 421 1154 omnium
451 1122 606 1154 ordinum
638 1121 783 1154 disseret
807 1122 838 1154 d.
868 1122 970 1154 Merc.
1002 1121 1034 1154 h.
1061 1122 1114 1154 VI.
1160 1122 1355 1153 Privatim
1372 1122 1413 1155 11.
1458 1122 1710 1164 Morphologiam
1739 1127 1767 1155 et
1786 1123 1864 1165 phy—

80 1173 247 1215 siologiam
268 1174 485 1215 generationis
505 1174 691 1215 plantarum
715 1178 863 1215 exponet
887 1172 918 1205 d.
945 1172 1025 1204 Lun.
1050 1178 1083 1204 et
1107 1172 1176 1204 Sat.
1202 1172 1234 1205 h.
1258 1173 1316 1204 IV.

232 1223 478 1256 ADOLPHUS
503 1223 698 1260 KNESER,
730 1223 785 1255 Dr.
819 1223 959 1255 Gratis
983 1225 1007 1255 Ι.
1038 1225 1293 1256 Emercitationes
1317 1225 1493 1264 analyticas
1516 1224 1746 1258 moderabitur
1761 1225 1864 1257 semel

80 1286 142 1319 per
173 1274 277 1310 hebd.
311 1275 343 1307 h.
378 1274 453 1307 XII.
511 1275 708 1307 Privatim
732 1276 773 1308 II.
819 1275 1056 1307 Arithmeticam
1080 1275 1294 1307 sublimiorem
1318 1275 1430 1307 tradet
1453 1275 1505 1307 bis
1528 1287 1589 1318 per
1612 1275 1713 1310 hebd.
1738 1276 1770 1309 h.
1788 1276 1864 1309 XII.

79 1326 138 1360 111.
186 1326 298 1370 Capita
321 1327 436 1359 selecta
459 1327 573 1359 calculi
595 1327 760 1368 integralis
785 1325 943 1358 tractabit
966 1325 1018 1357 bis
1043 1336 1103 1368 per
1125 1325 1227 1357 hebd.
1251 1325 1284 1357 h.
1310 1325 1383 1358 XII.

235 1377 469 1410 GEORGIUS
489 1377 703 1416 GUERICH,
721 1377 779 1410 Dr.
814 1378 852 1409 In
869 1376 1014 1408 Africam
1033 1376 1276 1408 occidentalem
1297 1377 1470 1419 profectus
1485 1377 1622 1410 scholas
1636 1390 1702 1410 non
1716 1378 1864 1412 habebit.

196 1451 202 1456 -
235 1427 362 1460 OTTO
388 1427 638 1470 ROSSBACH,
662 1428 721 1461 Dr.
768 1428 909 1460 Gratis
928 1428 953 1461 I.
989 1429 1118 1469 Vergilii
1145 1429 1269 1469 eclogas
1293 1429 1568 1470 interpretabitur
1595 1429 1646 1461 bis
1674 1440 1735 1472 per
1761 1429 1862 1463 hebd.

80 1480 113 1513 b.
141 1478 208 1512 def.
252 1479 452 1512 Privatim
486 1480 526 1512 ΙΙ.
569 1480 778 1521 Mythologiae
806 1479 948 1512 Graecae
981 1483 1106 1521 partem
1140 1480 1272 1511 alteram
1305 1480 1450 1518 (heroum
1475 1480 1624 1520 fabulas)
1659 1480 1798 1513 docebit
1831 1489 1863 1513 et

79 1532 197 1564 artium
218 1532 428 1563 monumentis
451 1530 637 1562 illustrabit
660 1530 692 1564 d.
715 1530 799 1563 Lun.
823 1530 922 1563 Mart.
938 1531 1009 1563 IOV.
1033 1530 1065 1563 h.
1082 1530 1157 1562 Xll.
1202 1531 1259 1563 ΙΙΙ.
1283 1532 1536 1563 Exercitationes
1555 1532 1767 1573 philologicos
1791 1543 1861 1564 mo·

81 1582 190 1615 derari
213 1586 334 1625 perget
362 1582 465 1614 semel
493 1593 553 1625 per
582 1580 682 1614 hebd.
707 1581 739 1615 h.
764 1581 830 1615 def.

234 1632 482 1666 ARTHURUS
499 1632 754 1670 PARSCHER,
778 1633 836 1666 Dr.
869 1633 1012 1666 Gratis
1036 1633 1061 1666 Ι.
1092 1634 1346 1665 Exercitationes
1369 1634 1412 1665 ad
1434 1634 1574 1674 linguam
1589 1635 1862 1675 Francogallicam

78 1687 234 1718 recentem
256 1688 433 1726 spectantes
467 1684 698 1716 moderabitur
720 1684 823 1716 semel
853 1695 914 1726 per
935 1684 1038 1717 hebd.
1068 1683 1101 1718 h.
1126 1684 1191 1717 def.
1237 1684 1434 1716 Privatim
1462 1684 1501 1716 11.
1536 1685 1712 1718 Historiam
1735 1687 1863 1728 linguae

78 1737 338 1778 Francogalticae
362 1736 531 1767 enarrabit
554 1740 604 1767 ter
628 1747 688 1778 per
709 1735 811 1768 hebd.
836 1735 868 1769 h.
893 1735 958 1768 def.

232 1786 496 1820 RICHARDUS
520 1786 870 1823 REITZENSTEIN,
895 1786 954 1819 Dr.
1012 1786 1151 1818 Gratis
1182 1786 1206 1818 Ι.
1250 1786 1427 1818 Historiam
1451 1788 1560 1828 poesis
1587 1789 1863 1828 epigrammaticae

78 1839 166 1881 apud
187 1839 334 1880 antiquos
363 1838 578 1870 adumbrabit
601 1843 634 1870 et
656 1838 816 1870 Martialis
846 1839 1075 1879 epigrammata
1105 1838 1218 1869 selecta
1246 1837 1522 1880 interpretabitur
1544 1837 1596 1869 bis
1621 1849 1680 1880 per
1703 1838 1804 1870 hebd.
1830 1839 1862 1871 h.

79 1888 146 1923 def.
203 1888 496 1921 Privatissime
527 1894 565 1921 et
593 1889 724 1932 gratis
751 1890 792 1921 II.
817 1890 1075 1922 Eoeercitationes
1094 1888 1304 1930 philologicos
1328 1888 1491 1920 instituet.

230 1939 515 1973 THEODORUS
546 1940 686 1977 SIEBS,
718 1939 775 1973 Dr.
820 1940 1016 1972 Privatim
1045 1940 1070 1972 I.
1115 1939 1279 1971 Elementa
1309 1940 1436 1980 linguae
1465 1940 1702 1982 litterarumque
1726 1945 1863 1973 veterum

77 1991 252 2033 Anglorum
280 1991 392 2026 tradet
421 1991 453 2024 d.
477 1991 580 2024 Mero.
606 1996 639 2023 et
654 1991 740 2024 Ven.
766 1991 798 2023 h.
819 1991 874 2023 VI.
903 1991 944 2023 11.
964 1992 1143 2023 Historiam
1162 1991 1271 2031 poesis
1294 1990 1411 2031 lyricae
1431 1990 1622 2023 Theodiscae
1646 1991 1813 2024 enarrabit
1829 1992 1862 2024 d.

77 2042 163 2076 Lun.
188 2047 222 2075 et
243 2043 316 2075 Iov.
340 2042 372 2075 li.
397 2042 456 2075 VI.

230 2145 508 2178 BERNARDUS
538 2144 711 2177 BEYER.
748 2144 890 2176 Gratis
920 2145 944 2177 Ι.
990 2145 1039 2176 De
1068 2144 1279 2176 architectura
1309 2145 1474 2175 msticana
1504 2143 1646 2176 disseret
1675 2144 1779 2176 semel
1802 2155 1863 2187 per

10 2228 12 2230 ,
78 2195 180 2229 hebd.
198 2196 231 2230 h.
249 2196 316 2231 def.
359 2196 560 2228 Privatim
590 2196 631 2229 11.
679 2197 725 2228 De
748 2197 959 2228 architectura
981 2196 1146 2227 rusticana
1174 2195 1378 2235 hydraulica,
1403 2196 1577 2236 praecipue
1605 2196 1643 2226 de
1667 2196 1862 2228 derivatione

80 2258 237 2290 aquarum
248 2258 311 2290 per
326 2248 415 2280 tubos
431 2248 667 2288 subterraneos,
686 2249 724 2279 de
740 2248 927 2288 irrigatione
937 2250 1107 2288 pratorum
1123 2250 1151 2278 et
1166 2246 1204 2277 de
1219 2255 1367 2286 aggerum
1391 2247 1614 2285 astructione,
1637 2247 1675 2278 ‹le
1697 2257 1860 2279 mensura-

78 2309 149 2332 rum
171 2300 295 2332 ratione
319 2303 348 2332 et
370 2300 537 2331 libratione
561 2298 706 2330 disseret
729 2299 781 2330 bis
805 2309 865 2340 per
888 2297 989 2330 hebd.
1014 2297 1046 2329 h.
1071 2296 1137 2330 des.

229 2349 478 2382 EDUARDUS
514 2349 711 2381 KAYSER.
759 2349 901 2382 Gratis
933 2350 958 2382 1.
1003 2349 1052 2380 De
1081 2349 1234 2380 silvarum
1263 2349 1592 2380 administrandarum
1624 2350 1747 2380 ratione
1764 2359 1861 2390 prae-

67 2401 162 2441 fatus
195 2402 234 2433 de
267 2401 435 2434 arboribus
464 2401 618 2433 silvarum
652 2401 916 2433 Germanicarum
945 2399 1088 2430 disseret
1119 2398 1151 2430 d.
1179 2397 1262 2430 Lun.
1292 2398 1322 2429 h.
1353 2398 1401 2430 111
1431 2404 1462 2429 et
1493 2398 1551 2431 lv.
1597 2398 1795 2430 Privatim
1817 2399 1857 2431 ΙΙ.

78 2451 238 2485 Silvarum
261 2453 376 2484 cultum
401 2451 559 2484 tractabit
583 2452 614 2483 d.
639 2452 737 2485 biart.
762 2451 795 2485 li.
820 2451 878 2484 111.
