2138 2748
596 242 628 267 A.
650 240 797 268 GELLII
812 240 890 268 LIB.
912 240 935 267 I.
956 239 1038 268 02112.
1050 239 1178 267 XXIII.
1198 241 1338 268 XXIIII.
1811 242 1852 274 25

235 328 321 360 Orchi
342 330 494 369 thesaura]
538 330 668 360 Orchum
701 329 728 361 δι
761 329 942 360 Oharontem
975 328 1083 359 Graeci
1117 329 1244 359 eundem
1277 333 1420 368 putarunt
1447 340 1527 361 esse.
1565 331 1666 368 itaque
1694 328 1853 371 χαρώνεια

87 372 226 403 dixerunt
248 372 318 403 Orci
341 373 428 404 ostia.
465 373 642 403 Plutarchus
666 372 909 412 [Anton.c.15]
933 374 1014 402 certe
1037 374 1192 402 senatores
1214 375 1285 411 post
1306 383 1410 403 necem
1434 373 1573 403 Caesaris
1595 383 1650 412 per
1670 374 1793 411 gratiam
1815 373 1852 403 ab

84 415 221 455 Augusto
245 415 370 446 allectos
392 414 566 457 χαρωνίτας
588 417 677 455 vulgo
699 418 826 446 vocatos
849 414 944 445 fnisse
973 414 1086 445 scribit.
1125 414 1161 444 de
1191 416 1299 453 quibus
1328 417 1358 446 in
1386 417 1660 447 Macrobio.1am
1691 417 1773 454 quod
1802 416 1853 454 ait,

82 458 231 488 thesauro:
266 458 389 497 respicit
411 459 450 488 ad
473 468 638 509 earcerem3
672 459 719 489 cui
741 459 881 488 thesauro
904 466 1014 487 nomen
1043 456 1136 487 fuisse
1165 459 1343 489 Plutarchus
1370 460 1470 489 tradit.
1514 460 1557 489 sic
1586 460 1663 489 enim
1692 460 1796 489 scribit
1823 459 1853 489 in

82 501 323 540 Philopoemene
346 501 381 540 [c.
408 497 532 540 19];οὕ
555 500 616 544 μὴν
639 499 722 533 ἀλλὰ
742 499 925 551 κομίσαντες
947 495 1040 530 αὐτὸν
1063 498 1105 537 είς
1126 498 1178 531 τὸν
1200 499 1300 532 καλού
1325 511 1392 532 ενον
1414 499 1585 542 θησαυρὸν,
1609 501 1727 543 οἴκημα
1754 498 1853 532 κατά-

85 552 178 586 γειον,
201 541 272 575 οὔτε
294 544 414 585 πνεῦμα
436 542 604 618 λαὶιὲάνον,
628 542 699 575 οὔτε
720 543 785 585 φῶς
807 541 839 581 ἔξ
841 541 934 582 ωθεν,
957 541 1028 573 οὔτε
1051 540 1151 583 θύρας
1174 542 1188 573 ἔ
1213 553 1256 583 ον,
1280 511 1362 574 ἀλλὰ
1384 543 1510 586 μεγάλῳ
1537 543 1619 586 λίθῳ
1639 554 1708 594 περι
1711 543 1852 586 αγομένῳ

478 597 495 617 υ
1183 553 1296 624 ἐὲιντες,
1330 584 1442 628 ἄνδρας
1465 574 1611 624 ἐνόπλους
1632 585 1739 628 κύκλῳ
1767 596 1852 628 περι-

84 584 356 629 κατακλειόμενον,
405 586 476 618 ἐντα
522 598 543 617 α
569 586 757 627 κατέθεντο,
790 541 844 617 καξὶ
872 585 924 617 τὸν
952 584 1043 616 λίθον
1071 584 1182 626 ἐπιῤῥα

83 627 229 671 ἑστησαν.
258 597 377 660 ¹...Liuius
400 630 527 660 XXXIX
553 631 588 669 [c.
613 631 652 660 50
676 630 695 669 ἓ
720 630 758 668 3].
803 629 959 659 Admoneat
982 628 1081 658 deinde
1108 629 1224 667 quidam
1251 639 1312 659 ease
1340 631 1501 659 thesaurum
1525 630 1670 669 publicum
1697 631 1748 660 sub
1776 635 1853 660 terra

82 681 155 703 saxo
177 672 318 712 quadrato
340 676 478 712 saeptum.
516 683 548 703 eo
577 674 683 703 vinctus
712 673 877 702 demittitur.-
906 675 932 701 ει
959 681 1063 701 saxum
1085 673 1191 712 inqens,
1220 682 1274 712 quo
1297 674 1422 711 operitur
1443 673 1584 710 machina,
1610 675 1793 712 super-impos
1786 675 1852 702 'tum

81 719 131 746 eet.
167 718 294 754 vterque
318 716 356 746 de
378 716 614 755 Philopoemene
636 716 777 754 loquitur.
815 715 870 746 sed
892 715 977 744 locus
1000 714 1079 744 Liuii
1102 718 1260 753 corruptus
1283 718 1338 746 est.
1377 716 1429 754 qui
1451 716 1494 745 ita
1515 716 1545 745 in
1567 717 1679 754 optimo
1696 717 1747 745 illo
1765 716 1839 746 Colo

80 759 179 790 niensi
201 758 379 798 fragmento,
403 759 487 789 cuius
508 768 595 789 vsum
624 759 798 789 doctissimo
828 758 854 789 ἃ
882 758 1063 788 amicissimo
1092 757 1244 796 Hittorpio
1274 759 1383 798 debeo,
1412 759 1579 788 rectissime
1609 759 1756 789 scribitur.
1793 768 1853 788 ease

80 801 244 832 thesaurum
267 811 410 832 carcerem
427 802 573 841 publicum
594 801 645 831 sub
669 805 754 831 terra.
794 802 925 840 explicat
945 800 1052 830 Liuius
1075 800 1148 838 quid
1171 802 1211 831 sit
1232 801 1396 831 thesaurus:
1419 800 1446 831 ἃ,
1459 802 1638 831 Plutarchus
1654 811 1746 840 eapse
1762 803 1854 831 verba

78 844 212 883 retinuit,
236 845 306 875 dum
329 845 465 884 scripsit3
488 844 606 887 οἴκημα
628 842 808 886 κατάγειον,
841 854 902 874 non
925 844 1003 874 enim
1027 846 1074 873 est
1095 843 1144 873 hic
1166 843 1294 885 οἴκημα,
1318 845 1401 882 quod
1422 845 1571 882 lnterprcs
1593 845 1720 874 Latinus
1747 845 1853 884 voluit,

79 887 190 927 domun,
215 887 270 918 sed
293 897 400 919 carcer.
437 888 524 938 peius
541 888 630 918 etiam
647 887 780 918 Gallicus
805 888 831 926 [1
846 885 966 927 Amyot]
990 887 1156 925 transtulit3
1180 897 1215 916 vn
1238 889 1344 916 certain
1360 897 1469 917 caueau
1485 887 1601 917 dessous
1623 891 1705 918 terre.
1735 867 1853 928 οἴκημα,

77 939 153 962 vero
175 939 231 969 pro
255 939 370 960 carcere
392 931 465 981 poni
489 931 578 961 docet
601 931 825 969 elegantissime
847 930 926 960 idem
949 929 1128 960 Plutarchus
1150 910 1181 959 in
1205 931 1315 960 Solone
1340 930 1375 968 [c.
1404 930 1461 968 15],
1484 931 1606 960 nomina
1627 931 1718 960 rebus
1739 934 1852 960 mutare

77 973 280 1004 Athenienses
303 974 500 1004 consueuisse
523 974 636 1004 dicens.
660 974 702 1004 ait
725 974 823 1003 enim.
846 971 877 1004 A
899 968 928 1003 δ’
953 970 1005 1003 οὖν
1028 970 1058 1002 οί
1077 970 1221 1013 νεώτεροι
1242 970 1312 1010 τοὺς
1335 971 1515 1024 Αθηναίους
1542 971 1684 1025 λέγουσιν
1711 974 1766 1010 τὰς
1792 972 1853 1004 τῶν

123 1013 274 1067 αγμοὶτων
294 1015 476 1058 δυσχερείας
498 1014 626 1068 ὀνόμασι
648 1020 797 1057 χρηστοῖς
819 1015 874 1046 καὶ
895 1013 1127 1056 φιλανθρώποις
1150 1013 1422 1056 ἐπικαλύπτοντας,
1446 1013 1574 1053 ἀστείως
1596 1013 1851 1056 ὑποκορίζεσθαι,

77 1025 134 1097 wig
197 1069 213 1090 ν
233 1057 350 1100 πόρνας
372 1058 504 1100 ἑταίρας,
525 1057 596 1096 τοὺς
619 1058 654 1090 δὲ
675 1058 799 1100 φόρους,
822 1057 986 1098 συντάξεις,
1009 1055 1154 1108 φυλακὰς
1176 1053 1211 1088 δὲ
1239 1057 1294 1095 τὰς
1325 1068 1385 1099 φρο
1426 1068 1462 1096 ας
1483 1069 1544 1089 των
1573 1057 1694 1090 πόλεων
1733 1058 1852 1100 οἴκημα

79 1101 115 1133 δὲ
136 1111 154 1133 τ
195 1100 405 1153 δεσμωτήριον
427 1100 609 1141 καλοῦντας,
631 1101 753 1143 πρῶτον
774 1099 918 1139 Σόλωνος
939 1099 978 1142 ἠν
1001 1096 1055 1141 (ὥς
1078 1100 1174 1142 ἔοικε)
1204 1099 1350 1142 σόφισμα
1378 1067 1435 1142 ττῗν
1461 1111 1526 1132 των
1553 1104 1657 1143 χρεῶν
1707 1101 1852 1143 ποκοπήν

77 1142 282 1186 σεισάχθειαν
305 1140 522 1186 ὀνομάσαντος.
567 1145 747 1175 Huiusmodi
769 1145 902 1174 thesauri
925 1144 1021 1174 forma
1043 1144 1171 1183 Delphis
1195 1148 1259 1174 erat
1280 1145 1310 1174 in
1333 1145 1410 1174 aede
1431 1145 1592 1183 Apollinis,
1617 1146 1646 1174 in
1670 1155 1730 1183 qna
1753 1148 1852 1175 statua

77 1197 168 1218 aerea
188 1188 417 1226 Philopoemeni
440 1188 538 1218 fuerat
559 1189 669 1226 posita.
711 1188 737 1217 ἀ
759 1188 889 1218 fortasse
913 1190 1012 1218 statua
1034 1197 1094 1216 non
1117 1188 1222 1226 procul
1245 1190 1308 1217 erat
1330 1189 1368 1217 ab
1394 1188 1445 1217 illo
1476 1188 1543 1226 ipso
1573 1188 1720 1218 foramine
1748 1198 1851 1218 monu-

77 1233 206 1261 mentum
231 1230 235 1270 Ι
259 1231 363 1261 mortis
385 1231 630 1269 Philopoemenis
653 1232 683 1261 in
705 1231 847 1261 thesauro
864 1231 1187 1269 Messam[leg.n1]ens1
1209 1231 1327 1261 mortui.
1374 1230 1468 1260 Varro
1492 1231 1568 1260 libro
1593 1234 1678 1261 sexto
1697 1231 1735 1260 de
1750 1232 1853 1269 lingua
1869 1240 1895 1266 p.
1918 1232 1965 1258 117

75 1273 184 1304 Latina
206 1274 272 1312 [Vll
295 1274 315 1314 ξ
341 1274 376 1303 17
394 1283 424 1312 p.
441 1274 502 1303 304
526 1274 576 1312 Sp.
587 1274 621 1313 ¹]:
645 1274 763 1313 Delphis
785 1275 814 1303 in
837 1273 907 1303 aede
922 1274 1059 1312 foramen
1080 1273 1120 1302 ad
1141 1274 1214 1302 latus
1236 1277 1277 1303 est
1298 1273 1451 1312 quoddam,
1474 1274 1597 1303 thesauri
1618 1275 1754 1312 speciem:
1777 1274 1853 1313 quod

76 1315 180 1347 Graeci
206 1314 348 1358 ὀμφαλὸν
375 1320 402 1346 vt
430 1316 554 1346 Romani
580 1317 739 1347 umbilicum
767 1317 909 1348 dixerunt.
947 1317 991 1346 sic
1019 1317 1104 1346 locus
1132 1317 1184 1346 ille
1215 1316 1401 1347 scribendus.
1441 1317 1566 1346 thesauri
1587 1318 1717 1355 speciem,
1741 1317 1772 1346 id
1795 1319 1852 1356 est,

74 1360 202 1390 thesauri
234 1361 336 1399 specie,
360 1360 497 1398 antique:
520 1362 553 1390 vt
585 1361 672 1389 vicem
704 1364 743 1390 est
762 1359 918 1399 proverbii,
951 1369 1018 1398 pro,
1051 1363 1091 1388 est
1119 1360 1177 1388 eice
1210 1359 1237 1390 ἀ
1259 1360 1318 1389 alia
1341 1360 1460 1389 similia.
1493 1359 1576 1398 qnod
1600 1360 1710 1389 habent
1731 1363 1851 1390 veteres

77 1402 237 1434 editiones.
274 1402 314 1432 ad
335 1403 408 1432 latus
429 1412 501 1433 vero
523 1412 579 1441 pro
602 1403 713 1441 altatus,
739 1403 820 1441 quod
844 1405 908 1432 erat
930 1403 960 1432 in
982 1403 1058 1432 libro
1083 1406 1197 1442 vetere,
1224 1405 1306 1432 recte
1328 1402 1487 1432 Turnebus
1514 1403 1659 1441 reposuit.
1696 1403 1754 1433 iam
1778 1403 1851 1433 illud

75 1449 102 1476 vt
124 1444 257 1484 Romani,
292 1446 442 1476 sententia.
474 1446 542 1484 ipsa
574 1447 715 1484 requirit:
749 1445 776 1476 ἃ
796 1446 944 1484 particula
975 1449 1002 1475 vt
1025 1446 1178 1475 aberraret
1200 1454 1254 1475 suo
1277 1446 1356 1484 loco,
1391 1446 1513 1483 alioque
1535 1445 1722 1475 ascenderat.
1760 1447 1850 1484 vulgo

67 1489 154 1527 ,enim
177 1489 291 1527 editur,
323 1492 351 1518 vt
373 1489 496 1518 thesauri
519 1490 650 1528 speeiem.
694 1499 754 1519 vox
782 1489 906 1519 Romani
933 1489 1022 1518 vnica
1050 1489 1149 1518 littera
1175 1487 1212 1518 R.
1242 1489 1410 1527 perscripta
1442 1488 1534 1527 plane
1568 1489 1688 1519 excidit.
1725 1489 1767 1518 ita
1794 1489 1851 1519 hoc

76 1531 114 1562 de
136 1532 204 1562 loco
228 1541 348 1562 censeo.
386 1532 479 1570 Igitur
501 1532 574 1562 dicit
596 1541 628 1562 se
651 1532 786 1562 Naeuius
809 1531 912 1566 Orchia
935 1532 1066 1561 thesauro
1096 1532 1239 1570 traditum,
1270 1531 1301 1561 id
1324 1534 1380 1570 est,
1408 1531 1483 1561 Ditis
1514 1532 1624 1561 carceri
1651 1533 1851 1571 mancipatum.

226 1582 321 1622 linyua
344 1581 450 1612 Latina
472 1583 602 1621 loquier]
646 1583 694 1613 hic
715 1583 823 1613 iterum
846 1583 1004 1613 verborum
1029 1583 1163 1613 ordinem
1186 1584 1300 1613 mutani
1335 1585 1457 1613 secutus
1486 1583 1590 1613 eadem
1620 1583 1806 1614 collectanea
1827 1583 1854 1615 ἃ,

75 1626 238 1664 plerasque
261 1626 464 1656 membranas:
488 1626 519 1655 in
542 1627 651 1663 quibus
675 1628 734 1656 est:

281 1676 366 1707 obliti
388 1681 452 1707 sunt
473 1677 583 1707 Romae
605 1678 713 1717 loquier
734 1677 839 1708 Latina
862 1678 967 1716 linqua.

76 1728 108 1758 in
129 1729 197 1759 vnis
227 1731 326 1759 tamen
356 1730 455 1767 iisque
473 1729 701 1759 -recentioribus
728 1729 854 1760 Pnteani
876 1729 1057 1759 membranis
1080 1731 1158 1767 erat3

815 1789 825 1794 -
849 1789 860 1794 -
883 1772 991 1811 loquier
1012 1773 1108 1811 linqua
1130 1772 1244 1804 Latina.

82 1814 161 1853 elige
182 1817 279 1845 vtrum
301 1815 385 1846 libet.

232 1866 426 1905 Epigramma
447 1865 544 1895 Plauti
566 1866 660 1905 quod.]
706 1867 845 1904 vulgares
869 1865 1034 1905 editiones3
1055 1866 1244 1906 Epiyramma
1267 1866 1378 1896 Plauti:
1405 1867 1480 1906 quod
1508 1867 1677 1896 dubitassem
1704 1869 1786 1897 modo
1814 1877 1853 1896 an
1870 1872 1884 1901 ς
1904 1870 1920 1896 3

78 1908 175 1939 Plauti
208 1909 297 1947 soret.
351 1917 456 1939 omnes
489 1909 698 1947 membranae3
735 1909 811 1948 quod
848 1909 1053 1939 dubitassemus
1094 1920 1134 1939 an
1174 1910 1268 1939 Plauti
1292 1911 1380 1947 soret.
1426 1911 1547 1948 optime.
1582 1911 1720 1940 meliores
1753 1914 1852 1940 tamen

75 1952 220 1991 Puteaniz,
242 1951 433 1991 Epiyramma
455 1951 550 1981 Plauti
573 1952 683 1990 quidem
707 1952 911 1982 dubitassemus
934 1963 972 1981 an
994 1952 1089 1982 Plauti
1103 1953 1192 1990 soret.
1226 1962 1314 1990 quam
1331 1954 1508 1992 scripturam
1523 1956 1644 1983 nostrae
1659 1954 1852 1992 praeferrem,

77 1995 137 2025 nisi
169 1994 302 2027 viderem
336 2004 402 2024 eum
437 2004 528 2033 supra
561 1995 602 2024 ita
636 1995 724 2025 etiam
747 1994 886 2026 absolute
920 1995 1044 2035 dixisse,
1066 1995 1255 2035 Epigramma
1283 1994 1407 2034 Naeuia}-
1440 1999 1473 2026 vt
1504 1997 1553 2026 hic
1585 1997 1666 2026 nullo
1695 1997 1853 2035 adiuncto,

76 2037 266 2077 Epigramma
287 2037 392 2067 Plauti.

230 2081 385 2119 Postquam
408 2084 448 2110 est
475 2082 585 2118 morte1.
629 2090 735 2110 versus
769 2081 959 2119 perturbatos
992 2081 1119 2119 primum
1151 2082 1182 2111 in
1216 2091 1355 2111 numeros
1395 2091 1467 2111 suos
1506 2082 1698 2112 restituimus.
1742 2082 1851 2112 deinde

78 2124 171 2153 multa
201 2124 393 2153 correximus.
432 2133 612 2161 quamquam
636 2124 663 2154 si
684 2133 756 2153 vera
779 2126 825 2154 est
846 2123 922 2154 haec
943 2124 1104 2163 restitutio,
1127 2125 1210 2162 quod
1232 2134 1350 2154 carmen
1373 2125 1481 2162 probat
1502 2126 1646 2163 vltimum,
1674 2125 1778 2154 mirum
1806 2128 1854 2155 est

80 2166 219 2196 Plautum
242 2176 302 2197 non
325 2167 388 2196 suis
410 2166 468 2196 hoc
490 2169 537 2196 est
559 2166 682 2196 comicis
704 2167 834 2196 numeris
855 2167 957 2204 potius
980 2176 1068 2204 quam
1091 2167 1198 2197 alienis
1220 2168 1250 2197 in
1273 2168 1426 2206 epitaphio
1451 2177 1504 2197 suo
1528 2169 1569 2196 vti
1592 2168 1734 2197 voluisse.

229 2222 268 2247 est
289 2221 378 2247 morte
400 2219 518 2256 captus]
565 2220 634 2248 sunt
665 2218 716 2256 qui
746 2219 775 2247 in
804 2220 906 2247 vetere
934 2218 1038 2247 nescio
1068 2227 1128 2256 quo
1158 2219 1262 2248 codice
1288 2218 1378 2248 morte
1402 2223 1494 2257 aptus,
1524 2221 1641 2248 exstare
1663 2223 1850 2249 monuerunt.

79 2269 170 2299 qnam
193 2269 248 2299 ego
273 2261 449 2299 scripturam
471 2261 502 2290 in
524 2262 606 2291 nullo
629 2261 774 2291 hactenus
797 2261 959 2299 exemplari
981 2261 1067 2299 potui
1088 2262 1231 2300 reperire.
1269 2261 1349 2301 quod
1372 2262 1397 2291 si
1421 2262 1461 2291 ibi
1484 2271 1552 2291 esse
1568 2271 1669 2291 verum
1693 2265 1752 2292 est:
1777 2262 1850 2292 nihil

77 2305 182 2342 potest
216 2303 403 2334 commodius
438 2304 611 2342 excogitari.
656 2307 739 2342 aptus
767 2304 805 2333 ab
834 2304 958 2342 apiscor.
1004 2313 1064 2342 qua
1090 2313 1166 2334 voce
1199 2306 1318 2334 veteres
1341 2314 1445 2334 omnes
1469 2307 1537 2334 sunt
1558 2305 1605 2334 vsi
1628 2304 1653 2333 ἃ
1674 2314 1731 2334 nos
1753 2305 1790 2335 de
1814 2314 1850 2335 ea

76 2346 148 2377 alibi
179 2346 317 2376 diximus.
353 2346 502 2384 quaedam
530 2346 736 2386 membranae3
765 2350 880 2376 mortem
908 2349 1015 2377 nactus.
1039 2346 1122 2384 quod
1147 2347 1298 2386 glossema
1331 2347 1448 2377 videtur
1474 2356 1542 2377 esse
1570 2347 1596 2376 ἃ.
1623 2348 1747 2378 alterius
1770 2348 1850 2378 illins

74 2389 294 2428 interpretatio.
332 2390 435 2428 plures
458 2392 556 2420 tamen
579 2390 648 2419 libri
670 2390 876 2428 manuscripti,
905 2393 993 2418 morte
1021 2394 1128 2428 captus.
1166 2391 1196 2420 in
1226 2391 1419 2420 collectaneis
1449 2393 1510 2428 est3
1540 2394 1626 2420 morte
1655 2394 1743 2421 catus.
1780 2391 1850 2421 hinc

76 2432 151 2471 feci3
171 2431 176 2471 Ι
195 2433 309 2471 mo[r]te
333 2432 425 2464 datus.
458 2430 541 2470 quod
558 2433 615 2462 hoc
637 2433 667 2462 in
690 2433 814 2471 antiquo
839 2432 1001 2470 exemplari
1025 2442 1058 2462 se
1073 2433 1223 2471 reperisse
1246 2434 1290 2462 vir
1305 2434 1376 2462 mihi
1392 2433 1500 2463 doctus
1517 2436 1713 2464 asseueraret.
1751 2438 1847 2471 intorte,
1866 2442 1892 2468 p.
1916 2435 1965 2459 ¹¹8

74 2484 140 2514 pro,
162 2475 254 2505 morti.
292 2485 354 2505 non
383 2475 465 2513 quod
498 2475 660 2505 ablatiuum
694 2485 748 2514 pro
782 2475 884 2505 datiuo
918 2475 1044 2505 Romani
1077 2478 1240 2514 ponerent:
1275 2476 1330 2506 sed
1358 2476 1441 2514 quod
1470 2476 1512 2505 illi
1539 2476 1695 2506 mutationi
1717 2476 1848 2507 affinitas

1645 2534 1663 2560 1¹·
