2138 2748
962 235 998 267 17

89 333 268 380 ἀρχομένην
290 336 435 379 ἔχουσαν.
480 335 607 370 Τούτων
629 332 682 369 οὖν
705 334 799 370 ὄντων
820 337 881 370 τῶν
902 337 1015 378 ποδῶν,
1039 337 1072 376 ἐξ
1087 337 1130 369 ὤν
1144 337 1181 370 τὸ
1201 334 1338 380 ἠρυκκὸν
1360 338 1472 380 μέτρον
1493 339 1677 380 συνίσταται,
1700 339 1866 371 κάλλιπον

86 387 145 431 μέν
167 388 231 425 ἐστι
252 387 439 430 συντεθῆναι
466 384 502 420 δι’
526 388 607 421 ὅλων
635 387 808 428 δακτύλων,
837 387 941 430 ὥσπερ
969 388 1025 420 καὶ
1051 383 1152 421 τᾶλλα
1180 388 1278 431 μέτρα
1300 388 1351 421 διὰ
1373 390 1433 422 τῶν
1455 390 1653 423 οἰκειοτάτων
1675 391 1788 427 ποδῶν.
1812 391 1867 422 καὶ

88 439 168 472 ἔστιν
190 435 288 481 εὑρεῖν
311 438 408 478 οὕτως
430 440 560 482 ἔχοντας
582 439 715 482 στίχους.
759 439 892 482 Δέχεται
920 439 955 471 δὲ
984 440 1039 471 καὶ
1067 439 1137 478 τοὺς
1166 439 1289 480 ἄλλους,
1312 436 1353 479 ὥς
1376 441 1510 483 εἴπομεν,
1540 441 1645 480 οὕτως·
1670 442 1702 474 ἐν
1724 443 1779 484 μὲν
1801 446 1866 480 ταῖς

86 489 318 532 πέντεχώραις
339 489 493 523 δάκτυλον
515 492 570 523 καὶ
591 491 752 523 σπονδεῖον
774 491 828 523 καὶ
851 487 1050 534 ἀμφίμακρον
1072 492 1127 523 καὶ
1148 491 1400 534 παλιμβάκχειον
1421 489 1598 535 ἀδιαφόρως
1620 494 1676 525 καὶ
1697 490 1738 531 ὤς
1760 493 1864 535 ἔτυχε·

87 539 139 574 τὸν
160 541 196 574 δὲ
217 546 364 584 τροχαῖον
387 542 419 574 ἐν
440 542 478 585 τῇ
502 542 590 585 ἕκτη,
619 542 668 575 ἵνα
697 541 842 585 βεβηκώς
870 542 918 584 εἴη
948 539 965 574 ὁ
993 542 1109 585 στίχος·
1138 543 1170 575 έν
1198 543 1234 574 δὲ
1261 548 1323 582 τοῖς
1351 543 1454 585 μέσοις
1476 543 1581 582 τόποις
1603 541 1663 576 οὐκ
1685 544 1862 586 ἐπιδέχεται

87 591 140 625 τὸν
165 597 326 635 τροχαῖον,
355 593 403 625 ἵνα
431 591 474 636 μὴ
503 592 607 636 χωλὸς
635 593 763 636 γένηται
789 590 806 625 ὁ
835 593 949 636 στίχος·
980 594 1007 626 εἰ
1034 590 1066 626 δ’
1096 594 1160 626 ἔστι
1188 594 1318 627 δυνατὸν
1346 594 1587 637 θεραπευθῆναι
1609 595 1660 627 διὰ
1682 596 1737 637 τῆς
1758 596 1864 637 κοινῆς

87 642 255 687 συλλαβῆς,
278 643 406 676 τίθεται.
451 643 516 676 Μία
540 645 594 688 μὲν
616 643 669 676 οὖν
690 643 816 687 τοιαύτη
840 644 1008 687 κατάληξις
1030 645 1084 677 τοῦ
1107 642 1255 687 ἡρωϊκοῦ.
1279 645 1371 687 ἕτερα
1387 646 1422 677 δὲ
1437 642 1458 688 ἡ
1474 646 1653 688 καλουμένη
1677 646 1864 688 Αίολική,

86 693 153 738 ἥτις
180 693 232 728 τὸν
260 696 315 739 μὲν
341 695 463 738 πρῶτον
489 694 572 727 πόδα
600 696 668 738 ἔχει
696 696 750 728 ἕνα
777 696 837 728 τῶν
863 695 1065 740 δισυλλάβων,
1093 695 1166 735 τοὺς
1193 697 1229 729 δὲ
1257 696 1328 739 ἑξῆς
1355 696 1437 739 πλὴν
1465 699 1518 729 τοῦ
1547 697 1724 730 τελευταίου
1747 698 1863 735 πάντας

87 743 269 786 δακτύλους,
297 745 350 779 τὸν
378 747 413 778 δὲ
441 746 616 779 τελευταῖον
649 744 671 789 ἦ
698 746 852 779 δάκτυλον
878 746 900 790 ἤ
928 744 1138 791 ἀμφίμακρον·
1167 749 1195 781 εἰ
1222 748 1258 780 δέ
1286 748 1349 780 ἐστι
1370 748 1606 790 καταληκτικὸν
1628 749 1670 787 εἰς
1692 748 1861 793 συλλαβήν,

85 801 242 840 τροχαῖον,
271 797 299 830 εἰ
326 798 361 830 δὲ
390 796 704 840 βραχυκατάληκτον,
735 797 806 841 μίαν
831 798 992 842 συλλαβὴν
1018 798 1143 842 μακρὰν
1170 798 1192 841 ἦ
1221 800 1275 832 καὶ
1305 800 1457 843 βραχεῖαν
1483 800 1534 832 διὰ
1561 800 1597 832 τὸ
1625 797 1804 842 ἀδιαφορεῖν
1825 799 1861 832 τὸ

85 848 175 889 τέλος
195 849 308 888 παντὸς
330 849 452 892 μέτρου.
475 849 562 892 τρίτη
585 850 620 882 δὲ
641 846 663 892 ἡ
686 849 937 893 λογαοιδικη,
959 847 1026 892 ἥτις
1048 850 1100 883 τὸν
1122 851 1177 893 μὲν
1190 851 1314 892 πρῶτον
1334 850 1418 883 πόδα
1440 850 1462 893 ἤ
1485 851 1646 883 σπονδεῖον
1668 850 1690 893 ἦ
1712 857 1861 894 τροχαῖον

85 899 108 944 ἢ
131 899 285 933 δάκτυλον
306 897 328 943 ἦ
352 899 500 943 μολοττὸν
523 901 600 943 ἔχει,
623 900 693 939 τοὺς
715 901 750 933 δὲ
771 900 898 939 λοιποὺς
920 900 1025 943 ὥσπερ
1048 902 1102 933 καὶ
1124 898 1145 943 ἡ
1169 901 1313 944 Αἰολική.

237 952 277 994 <5
302 953 340 984 19
349 951 397 993 ⁶.)
435 948 512 984 Ὑπὸ
533 952 624 984 τοῦτο
647 952 682 984 δὲ
704 953 759 984 καὶ
779 951 815 984 τὸ
839 952 1016 994 ἐλεγεῖον
1037 951 1059 994 ἢ
1088 952 1268 995 ἐλεγειακὸν
1290 953 1380 986 ἐστιν.
1421 950 1571 995 Ἐκλήθη
1594 954 1629 986 δὲ
1651 953 1732 986 οὕτω
1754 953 1806 986 διὰ
1827 954 1862 986 τὸ

86 1001 142 1042 τὰς
162 1007 311 1046 γυναῖκας
333 1002 444 1045 λιγυρᾷ
466 1003 504 1045 τῇ
527 1006 615 1045 φωνῇ
637 1003 766 1036 κλαίειν·
795 1003 933 1045 ἐχρῶντο
955 1003 1016 1045 γὰρ
1039 1003 1072 1036 ἐν
1089 1009 1152 1042 τοῖς
1174 1003 1281 1046 τάφοις
1302 1004 1400 1046 τούτῳ
1422 1005 1466 1047 τῷ
1490 1004 1600 1047 μέτρῳ.
1635 1004 1657 1047 ἤ
1683 1004 1729 1037 ὅτι
1755 1005 1863 1047 ἐλεγος

86 1054 141 1097 μὲν
163 1050 180 1086 ὁ
202 1053 320 1096 θρῆνος
341 1053 466 1095 λέγεται
486 1053 538 1086 διὰ
560 1054 595 1086 τὸ
617 1054 634 1087 ἒ
657 1054 672 1086 ἒ
694 1054 804 1096 λέγειντ
829 1055 860 1087 ἐν
883 1053 1011 1097 θρήνοις
1032 1055 1067 1087 δὲ
1089 1056 1144 1087 καὶ
1165 1054 1274 1096 τάφοις
1297 1056 1434 1098 ἐχρῶντο
1456 1056 1500 1098 τῷ
1524 1056 1527 1096 1
1553 1055 1655 1098 μέτρῳ
1677 1055 1786 1099 τούτῳ.

237 1104 338 1138 Τοῦτο
361 1106 396 1137 δὲ
418 1105 544 1138 διπλοῦν
567 1105 639 1138 ἐστι.
685 1104 730 1137 Τὸ
760 1106 815 1148 μὲν
842 1105 904 1148 γὰρ
933 1102 1028 1138 αὐτοῦ
1055 1106 1264 1149 πεντάμετρόν
1293 1107 1365 1138 ἐστι.
1393 1106 1485 1139 πέντε
1512 1106 1573 1148 γὰρ
1596 1107 1723 1149 δέχεται
1744 1107 1861 1150 χώρας·

87 1155 142 1195 τὰς
164 1157 219 1199 μὲν
241 1161 329 1199 τρεῖς,
353 1155 450 1199 ἤγουν
473 1155 607 1199 πρώτην,
630 1156 777 1199 δευτέραν
798 1158 854 1190 καὶ
869 1157 982 1199 τρίτην,
998 1157 1203 1200 συγκειμένας
1217 1158 1256 1190 ἐκ
1269 1168 1303 1190 τε
1319 1157 1475 1190 δακτύλου
1498 1159 1552 1190 καὶ
1569 1158 1742 1191 σπονδείου·
1767 1159 1862 1192 ἐνίοτε

85 1207 121 1240 δὲ
142 1206 269 1250 δέχεται
290 1204 311 1250 ἡ
334 1206 443 1250 πρώτη
466 1209 521 1239 καὶ
543 1207 673 1250 δευτέρα
697 1207 789 1251 μόνον
811 1210 865 1240 καὶ
887 1205 1087 1251 ἀμφίμακρον
1109 1208 1130 1251 ἦ
1153 1208 1414 1252 παλιμβάκχειον,
1437 1208 1601 1251 καθαροὺς
1623 1209 1735 1252 μέντοι,
1757 1210 1862 1252 ὥσπερ

85 1258 214 1301 εἴρηται·
237 1255 258 1301 ἡ
282 1259 317 1291 δὲ
339 1258 424 1301 τρίτη
447 1259 607 1292 σπονδεῖον
631 1258 731 1303 μόνον,
754 1258 826 1302 ἠδὲ
841 1259 974 1302 τετάρτη
992 1256 1191 1300 ἀνάπαιστον,
1213 1259 1235 1302 ἡ
1252 1261 1286 1292 δὲ
1301 1260 1428 1303 πέμπτη
1443 1257 1632 1293 ἀνάπαιστον
1651 1262 1706 1292 καὶ
1727 1267 1860 1303 χορεῖον.

85 1308 132 1342 Τὸ
149 1309 184 1342 δὲ
201 1309 233 1342 ἐν
251 1309 306 1352 μὲν
323 1310 362 1352 τῇ
380 1309 488 1352 πρώτῃ
507 1311 561 1342 καὶ
579 1310 709 1353 δευτέρᾳ
727 1308 819 1353 χώρᾳ
835 1309 889 1342 τοῦ
906 1310 1074 1353 <πρώτου>
1091 1312 1342 1355 πενθημιμεροῦς
1359 1311 1486 1354 δέχεται
1501 1312 1662 1344 σπονδεῖον
1678 1313 1733 1344 καὶ
1749 1312 1860 1345 δάκτυ-

83 1359 139 1393 λον
154 1356 339 1403 ἀδιαφόρως,
362 1361 487 1403 προσέτι
510 1362 545 1394 δὲ
567 1363 621 1394 καὶ
644 1359 845 1405 ἀμφίμακρον
867 1364 922 1394 καὶ
943 1362 1205 1406 παλιμβάκχειον,
1228 1363 1500 1405 θεραπευομένους
1517 1363 1628 1404 μέντοι·
1646 1363 1724 1405 μετὰ
1744 1364 1778 1395 δὲ
1794 1362 1861 1396 τού-

83 1422 155 1451 τους
177 1412 284 1455 μακρά
306 1411 448 1455 συλλαβὴ
471 1414 728 1455 καταπεραιοῦσα
751 1414 793 1452 εἰς
816 1413 909 1456 μέρος
923 1413 1030 1457 λόγου.
1053 1414 1089 1446 τὸ
1104 1414 1140 1446 δὲ
1160 1415 1266 1456 ἕτερον
1281 1415 1512 1457 πενθημιμερὲς
1536 1414 1662 1456 δέχεται
1684 1414 1740 1447 δύο
1763 1414 1861 1453 πόδας

87 1461 268 1503 δακτύλους,
292 1464 358 1496 εἶτα
381 1463 541 1507 συλλαβὴν
564 1464 688 1508 μακρὰν
709 1464 731 1508 ἦ
755 1466 916 1508 βραχεῖαν·
940 1463 1107 1508 ἀδιαφορεῖ
1124 1465 1195 1508 γάρ.

237 1514 365 1554 Τούτοις
392 1514 576 1548 συνάπτεται
604 1517 659 1548 καὶ
684 1515 719 1548 τὸ
748 1516 898 1557 ἐπικόν,
927 1514 995 1549 κατ’
1024 1514 1113 1548 οὐδὲν
1135 1517 1191 1559 μὲν
1215 1516 1362 1558 διαφέρον
1383 1517 1438 1549 τοῦ
1460 1515 1584 1558 πρώτου
1607 1516 1756 1559 ἐλεγείου,
1779 1517 1861 1559 πλὴν

84 1565 130 1598 ὅτι
153 1566 330 1609 ἐπιδέχεται
351 1565 421 1605 τοὺς
443 1566 541 1606 πόδας
564 1567 683 1600 ἐκείνου
707 1566 883 1610 ἀδιαφόρως
905 1569 960 1600 καὶ
981 1567 1106 1610 προσέτι
1129 1568 1161 1600 ἐν
1181 1568 1225 1610 τῷ
1247 1567 1328 1600 τέλει
1350 1568 1405 1599 καὶ
1425 1572 1581 1610 τροχαῖον.

157 1615 160 1619 ’
236 1618 276 1660 <5
301 1617 392 1659 190>
436 1617 513 1650 Τοῦ
536 1619 571 1650 δὲ
593 1617 767 1661 ἡρωϊκοῦ
790 1619 871 1661 εἴδη
895 1619 953 1651 εἰσὶ
975 1620 1081 1651 ταῦτα·

85 1668 292 1712 ίσόχρονον
324 1669 359 1701 τὸ
392 1668 431 1702 τὰ
459 1669 582 1712 μεγέθη
611 1671 671 1702 τῶν
699 1670 863 1714 συλλαβῶν
890 1671 944 1702 καὶ
970 1669 1040 1709 τοὺς
1068 1668 1166 1708 πόδας
1194 1667 1256 1702 ἀπὸ
1285 1670 1339 1701 τοῦ
1367 1668 1491 1712 πρώτου
1520 1669 1612 1712 μέχρι
1641 1671 1694 1702 τοῦ
1724 1670 1859 1713 ἐσχάτου

83 1719 154 1758 τούς
177 1716 287 1759 αὐτοὺς
309 1720 393 1764 ἔχον·
487 1741 492 1746 -

235 1806 247 1832 1
274 1808 424 1840 αρχομένην
451 1805 485 1833 H
524 1806 534 1840 11
580 1807 645 1833 1——3
673 1806 984 1834 conf.G.Amse11.c.
1006 1815 1065 1841 pag.
1085 1807 1120 1833 64
1162 1806 1171 1840 11
1219 1808 1228 1833 1
1258 1806 1339 1833 ὄντων
1366 1807 1416 1833 τῶν
1443 1806 1561 1841 ποδῶν]
1588 1809 1639 1833 τῶν
1665 1808 1753 1834 ποδῶν
1779 1807 1861 1834 ὄντων

82 1848 139 1876 ΚΡ
172 1848 182 1883 11
217 1849 234 1876 2
261 1849 336 1884 prius
354 1851 401 1876 mxl
420 1858 472 1876 om.
492 1848 524 1876 K
564 1849 574 1884 11
619 1849 706 1876 τᾶλλα
736 1849 799 1885 Μ]
827 1847 922 1876 τ’άλλα
949 1849 988 1882 H,
1015 1849 1102 1876 τᾶλλα
1121 1849 1158 1882 Κ,
1186 1850 1218 1876 τά
1237 1850 1309 1876 ἄλλα
1328 1849 1354 1876 Ρ
1399 1850 1409 1884 11
1454 1851 1470 1876 3
1498 1851 1593 1882 ἔχοντα
1612 1849 1646 1876 Η
1687 1850 1698 1883 Ι
1743 1851 1760 1876 5
1787 1851 1859 1877 conf.

82 1892 261 1919 G.Amse11.
281 1901 302 1918 c.
322 1901 384 1927 pag.
404 1892 488 1926 7711
533 1892 825 1927 ἑνδὰ]ἒντεΚ11
869 1894 884 1919 6
904 1893 939 1926 μή
959 1901 1012 1919 om.
1033 1892 1058 1919 P
1093 1893 1103 1927 11
1137 1896 1224 1927 στῖχος
1244 1891 1372 1926 Η11δ’
1395 1892 1487 1928 ΜΗ]
1515 1895 1545 1919 δέ
1564 1892 1621 1919 ΚΡ
1661 1893 1671 1928 Ι
1716 1894 1730 1919 7
1754 1893 1860 1928 η’]καὶ

81 1934 108 1962 Ρ
141 1934 152 1970 11
197 1935 233 1963 ,Η
247 1936 275 1962 in
293 1944 378 1970 marg.
397 1936 479 1962 rubro
499 1935 586 1963 addit:
606 1936 711 1970 αἰολικὴ
760 1935 770 1970 11
815 1936 831 1962 9
862 1936 897 1962 ab
915 1935 932 1969 ἥ
953 1933 1084 1962 δάκτυλον
1102 1936 1154 1963 inc.
1174 1937 1222 1963 sol.
1241 1938 1290 1964 85¹⁷
1308 1936 1336 1963 Ρ
1381 1938 1391 1972 11
1438 1938 1467 1962 δὲ
1486 1938 1539 1962 ἐστὶ
1557 1935 1594 1967 Κ,
1613 1938 1643 1962 δὲ
1661 1938 1715 1962 Εστι
1732 1935 1829 1964 ΡΜΗ
1851 1937 1860 1971 Ι

82 1978 117 2005 ab
136 1980 174 2011 εἰς
191 1979 244 2006 inc.
262 1979 310 2006 sol.
331 1979 399 2006 185¹
418 1978 455 2006 M
493 1978 503 2014 11
549 1980 577 2006 11
600 1979 634 2006 H
648 1979 676 2006 in
693 1988 778 2014 marg.
798 1979 880 2006 rubro
900 1979 987 2006 addit:
1006 1980 1137 2013 λογαδική
1185 1979 1195 2013 11
1245 1979 1275 2006 11
1306 1979 1437 2013 λογαδική
1458 1978 1583 2006 ΚΡΜΗ
1626 1979 1636 2013 11
1682 1980 1713 2006 13
1743 1988 1804 2014 sqq.
1823 1980 1858 2007 ad

82 2021 99 2056 5
119 2021 172 2048 191)
193 2022 264 2049 conf.
284 2018 313 2050 G'.
332 2022 523 2056 Mangelsdorr
537 2022 640 2050 Aneed.
661 2022 734 2050 Chis.
753 2032 815 2058 pag.
836 2023 864 2049 11
887 2031 936 2056 sq..
964 2023 994 2050 G.
1013 2023 1097 2056 Uhlig
1119 2023 1223 2057 proleg.
1243 2023 1277 2050 ad
1296 2023 1376 2049 Dion.
1395 2023 1493 2050 Thrac.
1513 2031 1574 2057 pag.
1594 2022 1648 2051 XV.
1676 2022 1777 2049 Λυσι-(1.
1797 2023 1858 2050 Var.

81 2065 94 2092 1
111 2073 174 2100 pag.
194 2065 244 2092 156
263 2065 290 2100 (fl
309 2065 364 2099 3⁸).
381 2065 416 2092 Η.
435 2074 483 2093 zur
499 2066 732 2093 Jacobsmuehlen
751 2066 961 2100 Pseudo-Heph.
981 2074 1042 2100 pag.
1058 2066 1143 2093 3246
1156 2075 1217 2101 sqq.
1229 2066 1313 2093 7492
1327 2075 1367 2100 sq.
1378 2066 1627 2100 (Pseudo-Repo}
1639 2066 1692 2099 3³).
1714 2066 1762 2092 103
1772 2074 1814 2100 sq.
1849 2067 1859 2100 Ι

83 2108 116 2135 13
134 2105 187 2135 ἀπὸ
200 2107 294 2134 τούτου
307 2107 334 2134 Ρ
368 2108 378 2143 11
413 2110 480 2134 ἐστίν
489 2107 554 2142 ΚΡ,
568 2110 621 2135 ἐστὶ
631 2107 668 2136 Μ
698 2108 708 2143 11
744 2109 779 2135 ab
795 2109 900 2144 ἐκλήθη
915 2109 1024 2136 inc.s01.
1034 2109 1104 2136 209r
1114 2109 1149 2136 H
1179 2110 1190 2144 11
1226 2110 1258 2136 14-
1275 2111 1373 2143 λιγηρᾷ
1384 2109 1420 2141 Κ,
1434 2111 1531 2143 λιγηροῑ
1542 2108 1582 2141 M,
1592 2110 1696 2142 λυγηρᾶ
1707 2108 1858 2144 PH(quae

82 2151 171 2179 forma
187 2151 289 2178 tradita
307 2153 349 2178 est
367 2151 450 2178 etiam
469 2151 496 2178 in
516 2151 852 2187 Pseudo-Hephaestionis
871 2152 887 2186 ἕ
906 2152 960 2180 38¹³
981 2153 1132 2186 codicibus)
1167 2152 1177 2188 11
1212 2154 1354 2187 ἐχ*ρω”ντο
1379 2154 1446 2186 (una
1463 2153 1554 2179 littera
1573 2161 1589 2178 a
1609 2151 1653 2179 M·
1673 2153 1763 2186 erasa)
1783 2151 1818 2179 M
1849 2152 1859 2187 Ι

80 2194 156 2230 γάρ]
175 2195 205 2220 δὲ
223 2193 279 2220 KP
323 2192 333 2229 11
378 2194 409 2221 15
436 2195 450 2221 ξ
469 2195 482 2220 Ι
499 2194 534 2227 Ρ,
554 2196 567 2221 Ι
585 2195 603 2221 ἃ
622 2193 654 2222 K
685 2195 695 2230 11
731 2204 747 2222 a
765 2196 851 2229 λέγειν
869 2195 920 2222 inc.
941 2195 988 2222 sol.
1008 2196 1044 2221 8¹·
1061 2195 1093 2222 K
1129 2196 1140 2231 11
1177 2198 1226 2222 καί
1245 2197 1272 2222 ἐν
1289 2195 1383 2228 τάφοις
1401 2195 1433 2222 Κ
1473 2195 1483 2229 fi
1531 2196 1559 2221 17
1587 2195 1693 2229 πρώτην
1710 2195 1858 2230 δευτέραν]

81 2240 98 2265 ᾶ
117 2230 198 2274 nal}
217 2236 243 2264 Ρ
284 2237 294 2272 11
337 2237 446 2273 τρίτην]
463 2238 508 2271 'f'l'
530 2237 564 2265 H
595 2237 604 2272 11
641 2238 742 2266 18-19
761 2237 848 2272 ὥσπερ
867 2238 990 2273 εἴρηται]
1011 2239 1082 2266 conf.
1102 2247 1185 2273 supra
1204 2247 1265 2274 pag.
1282 2239 1364 2269 1623
1383 2247 1444 2273 sqq.
1464 2242 1491 2265 et
1508 2239 1540 2265 11.
1561 2246 1608 2265 zur
1624 2237 1857 2266 Jacobsmuehlen

80 2280 292 2315 Pseudo-Heph.
311 2289 372 2316 pag.
391 2281 423 2307 77
458 2281 468 2316 11
511 2282 546 2309 20
564 2280 594 2308 δὲ
612 2281 647 2308 H
686 2282 696 2315 11
740 2283 786 2315 μὲν
803 2283 836 2315 τῇ
855 2281 944 2316 πρώτῃ
963 2284 1010 2309 καί
1028 2283 1139 2316 δευτέρᾳ
1157 2281 1255 2317 χώρᾳ]
1276 2284 1362 2315 μέντοι
1384 2282 1474 2315 πρώτῃ
1497 2283 1544 2308 καὶ
1567 2283 1678 2314 δευτέρᾳ
1698 2280 1733 2314 K,
1760 2283 1807 2315 μὲν
1825 2283 1857 2316 τῆ

81 2322 107 2350 α’
125 2323 201 2358 χώρα
218 2317 332 2357 και-βΨ
360 2323 388 2350 P
432 2324 442 2359 11
488 2324 628 2358 <πρώτου>
660 2324 752 2352 addidi
787 2333 818 2351 ex
846 2325 1068 2360 Pseudo-Heph.
1096 2326 1112 2360 5
1143 2325 1201 2360 32]
1232 2333 1285 2352 om.
1309 2324 1434 2351 KPMH
1472 2325 1482 2358 11
1528 2325 1559 2351 21
1589 2333 1605 2351 a
1626 2325 1858 2358 θεραπευομένους

81 2366 133 2395 inc.
158 2366 206 2394 fol.
235 2366 302 2394 185v
325 2365 359 2396 M
404 2367 413 2402 11
460 2367 494 2394 ad
525 2368 756 2401 θεραπευομένους
787 2368 858 2395 conf.
890 2367 919 2395 G.
947 2368 1138 2402 Mangelsdorr
1165 2369 1266 2395 Anecd.
1297 2368 1370 2395 Chis.
1400 2376 1462 2402 pag.
1495 2368 1523 2394 11
1584 2367 1594 2402 11
1651 2367 1755 2394 24—25
1785 2368 1857 2395 conr.

81 2427 113 2454 H.
141 2435 190 2455 zur
214 2427 448 2454 Jucobsmuehlen
476 2428 494 2454 1.
523 2436 544 2454 c..
572 2436 634 2462 pag.
663 2429 704 2455 77.
732 2429 774 2455 81.
802 2429 835 2455 92
862 2429 890 2463 (ξ
918 2429 952 2455 3⁶2
979 2429 1042 2455 adn.
1074 2429 1124 2462 19),
1152 2430 1180 2455 L.
1204 2429 1283 2456 Voltz
1310 2429 1327 2455 l.
1353 2437 1375 2455 c.
1399 2437 1461 2462 pag.
1486 2430 1502 2454 6
1545 2427 1555 2462 11
1601 2428 1636 2454 24
1661 2410 1793 2461 διαφερέν
1819 2428 1857 2461 Κ,

81 2471 214 2503 διαφερων
230 2469 293 2497 ΡΜ
336 2470 346 2505 Ι
381 2471 416 2497 26
443 2478 504 2505 sqq.
527 2470 562 2497 ad
590 2470 607 2504 g
638 2471 687 2497 19e
710 2471 782 2498 cons.
805 2471 1016 2506 Pseudo-Heph.
1041 2471 1058 2506 fi
1085 2472 1139 2499 28·
1162 2475 1189 2499 et
1216 2472 1279 2503 28¹³,
1308 2472 1399 2498 annal.
1422 2471 1556 2506 philolog.
1581 2479 1605 2497 a.
1631 2471 1696 2498 1867
1720 2479 1781 2505 ρει.
1805 2472 1857 2498 009

81 2520 151 2547 sqq..
178 2513 280 2541 Anecd.
305 2514 366 2541 Var.
394 2515 405 2541 1
433 2522 494 2549 pag.
524 2515 581 2546 18⁶.
609 2516 701 2542 annal.
729 2515 862 2549 philolog.
891 2524 914 2542 a.
936 2515 1002 2542 1885
1029 2523 1090 2550 pag.
1110 2515 1162 2542 754
1185 2524 1235 2550 sq..
1262 2515 1292 2542 L.
1314 2515 1394 2542 Voltz
1421 2515 1438 2542 1.
1457 2523 1479 2541 c.
1499 2522 1560 2549 pag.
1578 2514 1691 2545 31—37,
1709 2515 1858 2549 Georgium

1638 2564 1655 2591 3

1903 1011 1935 1033 14

1876 1058 1913 1091 (ρ.
1923 1059 1975 1084 325
1986 1059 2028 1090 G.)

1898 1320 1935 1343 2⁰

1897 1573 1932 1596 2⁶
