2138 2748
879 317 913 319 m
952 270 992 304 35
1049 250 1052 254 ’

233 370 441 404 CAROLUS
464 371 710 405 IMMANUEL
733 372 954 411 KLOPSCH,
974 374 1031 407 Dr.
1046 374 1080 407 P.
1097 374 1132 407 P.
1149 375 1188 408 Ε.
1218 375 1390 407 Publice
1414 376 1438 410 I.
1478 377 1653 410 Historiam
1676 378 1856 420 chimryiae

79 423 266 455 recentioris
295 422 434 455 docebit
462 423 565 455 semel
594 434 655 466 per
677 423 778 456 hebd.
802 424 835 457 h.
861 424 926 458 def.
975 424 1171 458 Privatim
1200 426 1241 460 11.
1286 428 1335 459 De
1365 428 1483 460 morbis
1516 430 1637 461 ossium
1670 433 1699 461 et
1731 433 1856 462 artuum

81 472 225 506 disseret
247 474 299 505 bis
330 485 390 517 per
412 474 514 508 hebd.
537 474 571 508 h.
601 474 667 507 def.

232 525 509 558 RUDOLPHUS
534 525 801 564 VOLTOL1N1,
826 526 884 560 Dr.
909 526 944 560 P.
966 526 1002 560 P.
1028 527 1065 560 Ε.
1116 527 1287 559 Publice
1315 528 1339 561 l.
1377 530 1553 562 Anatomen
1581 533 1696 571 oryani
1728 533 1856 564 auditus

79 577 185 619 quoad
211 577 338 609 morbos
365 578 506 610 eiusdem
532 577 644 610 tradet
676 577 709 611 d.
732 578 816 611 Lun.
839 578 872 611 h.
897 578 955 611 lV.
999 578 1289 611 Privatissime
1319 580 1357 612 ll.
1405 581 1540 613 Oneum
1564 583 1856 624 larynyoscopicum

79 631 110 660 et
129 628 386 670 rhinoscopieum
407 628 561 661 instituet
584 629 686 661 semel
711 640 771 672 per
793 629 894 662 hebd.
919 630 951 663 h.
976 630 1041 663 det'.

230 678 503 712 LEOPOLDUS
537 679 799 718 AUERBACH,
845 682 901 713 Dr.
939 680 975 714 P.
1015 681 1051 714 P.
1086 681 1125 713 E.
1192 681 1363 713 Publice
1398 682 1422 715 Ι.
1466 684 1514 714 De
1536 684 1745 725 micro-scopia
1768 686 1857 716 etde

77 730 231 763 methodis
253 731 403 763 tectonicis
425 731 703 773 investiyationum
724 733 1025 774 microscopicarum
1049 733 1194 765 disseret
1221 734 1324 765 semel
1355 744 1414 776 per
1441 733 1541 766 hebd.
1588 734 1785 767 Privatim
1818 736 1855 768 ll.

0 815 10 820 ,
77 781 332 826 Exercitationes
355 782 558 823 bistoloyicas
581 782 811 816 moderabitur
833 783 885 816 bis
914 794 973 826 per
997 784 1097 816 hebd.

230 832 520 866 HERMANNUS
549 833 692 873 COHN,
723 835 780 867 Dr.
804 835 840 867 P.
864 835 900 868 P.
923 835 964 868 E.
1008 835 1180 867 Publice
1204 836 1227 869 Ι.
1273 837 1436 876 Hyyienen
1463 838 1547 869 oculi
1574 838 1857 870 commilitonibus

79 883 224 922 omnium
250 883 404 917 ordinum
429 884 540 917 tradet
563 885 595 919 d.
611 886 715 919 Mero.
740 886 772 917 h.
792 885 847 918 VI.
886 885 1083 918 Privatim
1108 887 1148 919 ll.
1186 887 1322 918 Cursum
1344 887 1683 928 ophthalmoscopicum
1705 889 1857 921 instituet

79 933 112 968 d.
136 934 234 968 Mart.
251 939 284 967 et
308 935 391 967 Ven.
415 935 448 968 h.
472 936 530 969 IV.

229 986 492 1019 RICHARDUS
518 987 821 1025 GSCHEIDLEN,
847 988 904 1021 Dr.
921 988 957 1021 P.
980 988 1014 1022 P.
1034 988 1070 1020 Ε.
1106 988 1280 1020 Publice
1305 988 1327 1021 l.
1363 990 1412 1020 De
1426 991 1598 1022 nutritione
1613 994 1642 1022 et
1655 993 1857 1023 nutrimentis

77 1046 247 1081 eumque
279 1039 510 1082 adulteratione
547 1038 691 1070 disseret
728 1039 759 1073 d.
795 1039 892 1071 Mart.
928 1039 960 1072 h.
994 1040 1035 1072 11.
1090 1039 1288 1071 Privatim
1321 1039 1361 1072 ll.
1420 1040 1576 1072 Cbemiam
1607 1041 1856 1083 physioloyicam

79 1087 218 1121 docebit
245 1088 277 1122 d.
301 1089 371 1121 Sat.
395 1089 428 1122 h.
454 1089 510 1122 Vl.
535 1095 568 1121 et
590 1089 665 1123 VII.
715 1090 772 1123 ΠΙ.
800 1092 964 1131 Hyyienen
988 1091 1148 1133 publicam
1176 1092 1496 1123 demonstrationibus
1525 1092 1716 1124 illustratam
1746 1093 1857 1125 tradet

78 1139 117 1182 d.
133 1139 218 1173 Lun.
242 1144 275 1172 et
298 1140 401 1174 Merc.
425 1141 457 1174 h.
477 1141 517 1174 ΙΙ.
561 1141 851 1173 Privatissime
874 1141 933 1174 IV.
967 1143 1220 1174 Eaeercitationes
1244 1142 1390 1183 byyienes
1412 1144 1447 1174 in
1468 1144 1595 1175 modum
1617 1145 1784 1175 seminarii
1807 1145 1855 1175 iu-

79 1190 268 1224 stituendas
291 1191 458 1224 moderari
482 1197 601 1236 perget
623 1192 727 1224 semel
750 1203 810 1234 per
834 1193 934 1226 hebd.
957 1193 990 1226 h.
1015 1192 1081 1226 def.

230 1242 447 1276 AEMILIUS
472 1243 683 1281 RICHTER,
714 1243 772 1277 Dr.
799 1243 835 1277 1’.
864 1244 898 1277 P.
928 1244 967 1277 Ε.
1019 1243 1191 1276 Publice
1215 1244 1238 1277 Ι.
1276 1245 1515 1286 Hernioloqiam
1538 1244 1648 1276 tradet
1670 1245 1772 1277 semel
1796 1257 1857 1289 per

78 1293 179 1327 hebd.
223 1294 416 1326 Privatim
438 1294 480 1327 ΙΙ.
524 1296 574 1328 De
596 1295 760 1337 cbimryia
782 1297 939 1328 castrensi
959 1296 1102 1337 yenerali
1124 1300 1153 1328 et
1174 1296 1306 1338 speciali
1329 1295 1474 1327 disseret
1497 1296 1548 1327 bis
1571 1306 1632 1338 per
1655 1296 1756 1329 hebd.

229 1353 493 1387 LUDOVICUS
529 1346 649 1393 HIRT,
684 1355 742 1387 Dr.
772 1355 809 1387 P.
838 1355 873 1388 Ι).
902 1355 941 1388 Ε.
993 1355 1166 1387 Publice
1196 1355 1220 1388 I.
1259 1356 1419 1396 Hyyienes
1443 1355 1588 1396 publicae
1610 1357 1716 1398 capita
1741 1358 1856 1390 selecta

78 1404 362 1438 commilitonibus
386 1406 532 1438 omnium
549 1406 702 1438 ordinum
727 1406 895 1439 enarrabit
911 1407 1013 1438 semel
1036 1418 1096 1450 per
1111 1406 1211 1438 hebd.
1257 1406 1455 1438 Privatim
1475 1407 1516 1439 II.
1553 1407 1706 1440 Clinicum
1729 1412 1757 1440 et
1776 1410 1855 1450 poli-

78 1456 224 1489 clinicum
245 1456 427 1490 morborum
449 1457 492 1489 ad
513 1467 683 1490 nervorum
705 1461 842 1499 systema
858 1459 1086 1499 pertinentium
1109 1457 1339 1489 moderabitur
1360 1457 1413 1490 bis
1436 1468 1497 1500 per
1520 1458 1620 1491 hebd.

229 1515 379 1549 IULIUS
403 1515 768 1554 SOMMERBRODT,
792 1516 850 1550 Dr.
874 1516 908 1550 P.
926 1517 960 1550 P.
984 1517 1023 1550 Ε.
1058 1517 1230 1549 Publice
1253 1518 1277 1550 I.
1310 1518 1358 1550 De
1375 1518 1475 1559 pulsu
1497 1519 1688 1550 arteriarum
1712 1517 1856 1551 disseret

79 1566 183 1599 semel
199 1577 259 1610 per
274 1566 376 1599 hebd.
403 1567 600 1600 Privatim
617 1567 658 1601 Il.
692 1567 910 1610 Patboloyiam
933 1572 961 1600 et
983 1569 1158 1610 therapium
1180 1569 1348 1610 specialem
1369 1569 1550 1601 morborum
1572 1570 1645 1601 colli
1666 1573 1695 1602 et
1716 1570 1855 1603 thoracis

77 1618 189 1650 tradet
212 1623 332 1662 quater
355 1629 415 1661 per
437 1618 538 1652 hebd.

229 1669 469 1703 ALBERTUS
493 1670 698 1707 NEISSER,
721 1670 780 1703 Dr.
798 1670 832 1703 P.
849 1669 884 1703 P.
900 1670 940 1703 E.
981 1670 1153 1702 Publice
1175 1670 1200 1704 I.
1237 1671 1426 1712 Tberapiam
1447 1671 1627 1702 morborum
1650 1682 1853 1704 venereorum

0 1727 7 1754 ’.
77 1719 216 1753 docebit
244 1721 276 1755 d.
298 1721 370 1755 Iov.
394 1721 427 1755 h.
450 1721 541 1756 VIll.
585 1721 782 1754 Privatim
810 1722 852 1754 II.
903 1722 1056 1754 Clinicum
1082 1726 1111 1754 et
1134 1722 1348 1764 policlinicum
1376 1722 1556 1754 morborum
1589 1726 1793 1755 cutaneorum
1826 1728 1854 1754 et

0 1798 8 1823 .'
76 1783 280 1806 venerearum
303 1772 533 1805 moderabitur
556 1772 588 1806 d.
611 1772 695 1805 Lun.
720 1773 823 1805 Merc.
848 1772 932 1806 Ven.
957 1773 990 1805 h.
1016 1772 1104 1805 VIII.
1128 1783 1167 1804 ac
1192 1773 1223 1805 d.
1247 1773 1318 1805 Sat.
1342 1772 1374 1805 h.
1398 1772 1457 1805 Xl.

230 1831 356 1865 OTTO
382 1831 650 1870 SOLTMANN,
675 1832 731 1866 Dr.
756 1832 791 1864 P.
815 1832 850 1864 P.
875 1833 913 1864 Ε.
958 1832 1131 1864 Publice
1154 1833 1178 1865 I.
1215 1833 1265 1865 De
1286 1833 1429 1865 naturali
1450 1836 1479 1864 et
1501 1833 1662 1873 artificiali
1683 1834 1853 1872 infantium

75 1883 248 1916 nutritione
269 1883 428 1916 adiunctis
452 1883 771 1916 demonstrationibus
794 1883 938 1915 disseret
961 1883 992 1916 d.
1009 1883 1092 1916 Lun.
1117 1883 1148 1917 h.
1167 1883 1207 1916 V.

228 1941 359 1976 HUGO
388 1943 589 1981 MAGNUS,
618 1943 676 1976 Dr.
709 1945 746 1976 P.
774 1945 810 1976 P.
841 1943 879 1975 Ε.
924 1942 1098 1975 Publice
1130 1943 1155 1976 1.
1188 1944 1442 1975 Eoeercitationes
1470 1944 1601 1976 clinicus
1623 1943 1853 1976 moderabitur

77 1995 130 2028 bis
154 2006 212 2039 per
233 1994 336 2033 hebd.
379 1995 575 2028 Privatim
598 1994 640 2027 Il.
672 1995 926 2027 Eaeercitationes
948 1994 1271 2036 opbtbalmoscopicas
1294 1993 1521 2026 moderabitur
1544 1995 1595 2026 bis
1619 2006 1679 2037 per
1697 1995 1798 2028 hebd.

230 2053 474 2087 GUSTAVUS
499 2053 634 2092 BORN,
659 2053 718 2087 Dr.
739 2055 774 2087 P.
796 2055 831 2086 P.
854 2053 893 2085 E.
927 2053 1093 2086 Publice
1111 2054 1134 2086 Ι.
1167 2055 1420 2096 Topoyraphiam
1438 2056 1541 2096 pelvis
1563 2055 1720 2087 humanae
1742 2055 1854 2087 tradet

78 2106 182 2138 semel
203 2116 265 2148 per
287 2105 389 2139 hebd.
434 2105 631 2137 Privatim
653 2105 694 2138 ΙΙ.
740 2105 990 2147 Morpboloyiam
1013 2108 1042 2137 et
1064 2106 1230 2146 bioloyiam
1253 2106 1449 2146 animalium,
1473 2116 1552 2148 quae
1575 2107 1617 2138 ad
1638 2116 1690 2138 res
1712 2107 1852 2139 medicas

72 2157 244 2199 pertinent,
278 2156 462 2199 explicabit
485 2155 517 2188 d.
540 2155 640 2188 Mart.
663 2159 696 2187 et
719 2155 788 2187 Sat.
815 2156 846 2188 h.
861 2154 921 2188 IV.
966 2155 1023 2188 111.
1057 2156 1284 2198 Repetitorium
1307 2157 1445 2199 capitum
1467 2158 1651 2189 selectorum
1674 2159 1853 2190 anatomiae

75 2209 232 2242 humanae
254 2208 394 2241 habebit
416 2207 448 2241 d.
471 2207 555 2240 Lun.
578 2207 682 2239 Mero.
708 2207 776 2240 Sat.
801 2207 832 2238 h.
862 2206 951 2239 VllI.

229 2258 437 2292 CAROLUS
453 2258 714 2294 WERNICKE,
740 2258 798 2290 Dr.
821 2258 856 2290 P.
880 2257 915 2291 P.
939 2258 979 2291 E.
1015 2257 1221 2292 Privatim.
1255 2258 1407 2291 Clinicum
1431 2259 1610 2291 morborum
1628 2259 1851 2301 psychicorum

77 2314 106 2344 et
127 2311 302 2352 systematis
324 2320 494 2344 nervorum
515 2309 746 2342 moderabitur
769 2308 802 2341 d.
824 2308 923 2342 Mart.
948 2314 981 2341 et
1003 2309 1088 2343 Ven.
1112 2309 1145 2343 h.
1170 2309 1228 2342 Xl.
1253 2314 1286 2341 et
1307 2310 1381 2342 XII.

229 2369 489 2403 GUILELMUS
507 2369 646 2406 ROUX,
670 2369 727 2402 Dr.
743 2369 778 2401 P.
792 2368 827 2401 P.
846 2368 884 2400 Ε.
922 2369 1088 2401 Publice
1112 2370 1136 2403 I.
1167 2371 1368 2402 Anatomiam
1390 2371 1657 2411 macroscopicam
1680 2369 1802 2401 cerebri
1822 2374 1852 2402 et

74 2422 229 2454 medullae
257 2422 392 2464 spinalis
419 2422 555 2454 hominis
578 2420 736 2453 tractabit
759 2419 862 2451 semel
891 2430 951 2462 per
979 2418 1080 2452 hebd.
1125 2419 1320 2451 Privatim
1351 2419 1391 2452 ΙΙ.
1438 2420 1648 2460 Osteoloyiam
1671 2423 1700 2451 et
1721 2421 1850 2460 syndes-

75 2473 242 2515 moloyiam
261 2473 437 2514 yeneralem
459 2476 489 2505 et
508 2473 676 2515 specialem
697 2471 810 2504 tradet
832 2470 864 2504 d.
887 2470 971 2503 Lun.
988 2470 1085 2503 Mart.
1103 2471 1205 2502 More.
1222 2470 1293 2503 lov.
1309 2469 1395 2503 Von.
1419 2470 1450 2502 h.
1468 2470 1541 2502 Xll.
1558 2480 1667 2512 usque
1689 2469 1732 2501 ad
1749 2469 1849 2502 huius

76 2524 153 2556 anni
175 2523 283 2558 finem.

0 2571 19 2606 ἷζε

4 2611 20 2628 ki

16 2639 20 2647 ι

0 2595 24 2748 ἡ
32 2710 36 2727 l

30 2736 36 2748 ,Ι
