<?xml version="1.0" encoding="UTF-8"?>
<!DOCTYPE html PUBLIC "-//W3C//DTD XHTML 1.0 Transitional//EN"
    "http://www.w3.org/TR/xhtml1/DTD/xhtml1-transitional.dtd">
<html xmlns="http://www.w3.org/1999/xhtml" xml:lang="en" lang="en">
 <head>
  <title>
</title>
<meta http-equiv="Content-Type" content="text/html;charset=utf-8" />
  <meta name='ocr-system' content='tesseract 3.04.00' />
  <meta name='ocr-capabilities' content='ocr_page ocr_carea ocr_par ocr_line ocrx_word'/>
</head>
<body>
  <div class='ocr_page' id='page_1' title='image "./ueberdieentstehu00benfuoft_0507.png"; bbox 0 0 2138 2748; ppageno 0'>
   <div class='ocr_carea' id='block_1_1' title="bbox 1031 231 1071 286">
    <p class='ocr_par' dir='ltr' id='par_1_1' title="bbox 1031 231 1071 286">
     <span class='ocr_line' id='line_1_1' title="bbox 1031 231 1071 286; baseline 0 0"><span class='ocrx_word' id='word_1_1' title='bbox 1031 231 1071 286; x_wconf 56' lang='lat'>&#39;27</span> 
     </span>
    </p>
   </div>
   <div class='ocr_carea' id='block_1_2' title="bbox 953 298 1154 302">
    <p class='ocr_par' dir='ltr' id='par_1_2' title="bbox 953 298 1154 302">
     <span class='ocr_line' id='line_1_2' title="bbox 953 298 1154 302; baseline 0 0"><span class='ocrx_word' id='word_1_2' title='bbox 953 298 1154 302; x_wconf 95' lang='lat' dir='ltr'> </span> 
     </span>
    </p>
   </div>
   <div class='ocr_carea' id='block_1_3' title="bbox 498 362 1604 410">
    <p class='ocr_par' dir='ltr' id='par_1_3' title="bbox 498 362 1604 410">
     <span class='ocr_line' id='line_1_3' title="bbox 498 362 1604 410; baseline 0.004 -4"><span class='ocrx_word' id='word_1_3' title='bbox 498 362 730 407; x_wconf 84' lang='lat' dir='ltr'>LECTOR</span> <span class='ocrx_word' id='word_1_4' title='bbox 762 363 1024 408; x_wconf 87' lang='lat' dir='ltr'>LINGUAE</span> <span class='ocrx_word' id='word_1_5' title='bbox 1057 365 1090 407; x_wconf 87' lang='lat' dir='ltr'><strong>F</strong></span> <span class='ocrx_word' id='word_1_6' title='bbox 1093 365 1604 410; x_wconf 82' lang='lat' dir='ltr'><strong>RANCOGALLICAE.</strong></span> 
     </span>
    </p>
   </div>
   <div class='ocr_carea' id='block_1_4' title="bbox 169 499 1939 586">
    <p class='ocr_par' dir='ltr' id='par_1_4' title="bbox 169 499 1939 586">
     <span class='ocr_line' id='line_1_4' title="bbox 169 499 1939 585; baseline 0.003 -54"><span class='ocrx_word' id='word_1_7' title='bbox 169 553 191 585; x_wconf 74' lang='lat' dir='ltr'>h</span> <span class='ocrx_word' id='word_1_8' title='bbox 213 550 264 585; x_wconf 28' lang='lat' dir='ltr'>bd,</span> <span class='ocrx_word' id='word_1_9' title='bbox 296 499 532 584; x_wconf 49' lang='grc' dir='ltr'>11ΑΞῙΞΒΕΑΞ</span> <span class='ocrx_word' id='word_1_10' title='bbox 566 500 736 534; x_wconf 82' lang='lat' dir='ltr'><strong>PILLET.</strong></span> <span class='ocrx_word' id='word_1_11' title='bbox 793 501 944 536; x_wconf 83' lang='lat' dir='ltr'>Gratis.</span> <span class='ocrx_word' id='word_1_12' title='bbox 988 504 1240 536; x_wconf 70' lang='lat' dir='ltr'>Emercitationes</span> <span class='ocrx_word' id='word_1_13' title='bbox 1263 505 1520 546; x_wconf 70' lang='lat' dir='ltr'>Francoyallicas</span> <span class='ocrx_word' id='word_1_14' title='bbox 1553 504 1781 536; x_wconf 81' lang='lat' dir='ltr'>moderabitur</span> <span class='ocrx_word' id='word_1_15' title='bbox 1803 510 1854 537; x_wconf 89' lang='lat' dir='ltr'>ter</span> <span class='ocrx_word' id='word_1_16' title='bbox 1876 515 1939 548; x_wconf 82' lang='lat' dir='ltr'>per</span> 
     </span>
     <span class='ocr_line' id='line_1_5' title="bbox 194 562 420 586; baseline 0 -1"><span class='ocrx_word' id='word_1_17' title='bbox 194 563 211 585; x_wconf 91' lang='lat' dir='ltr'>e</span> <span class='ocrx_word' id='word_1_18' title='bbox 262 577 269 586; x_wconf 88' lang='lat'><strong>.</strong></span> <span class='ocrx_word' id='word_1_19' title='bbox 322 577 328 583; x_wconf 96' lang='lat'>.</span> <span class='ocrx_word' id='word_1_20' title='bbox 378 562 396 584; x_wconf 88' lang='lat' dir='ltr'>e</span> <span class='ocrx_word' id='word_1_21' title='bbox 413 576 420 585; x_wconf 89' lang='lat'><strong>.</strong></span> 
     </span>
    </p>
   </div>
   <div class='ocr_carea' id='block_1_5' title="bbox 166 653 1936 955">
    <p class='ocr_par' dir='ltr' id='par_1_5' title="bbox 166 653 1936 955">
     <span class='ocr_line' id='line_1_6' title="bbox 316 653 1935 700; baseline 0.002 -13"><span class='ocrx_word' id='word_1_22' title='bbox 316 653 466 687; x_wconf 88' lang='lat' dir='ltr'>IULIUS</span> <span class='ocrx_word' id='word_1_23' title='bbox 480 653 682 687; x_wconf 84' lang='lat' dir='ltr'>SCHAEFF</span> <span class='ocrx_word' id='word_1_24' title='bbox 684 654 754 692; x_wconf 84' lang='lat' dir='ltr'>ER,</span> <span class='ocrx_word' id='word_1_25' title='bbox 771 655 830 689; x_wconf 88' lang='lat' dir='ltr'>Dr.</span> <span class='ocrx_word' id='word_1_26' title='bbox 842 655 931 689; x_wconf 86' lang='lat' dir='ltr'>Prof.</span> <span class='ocrx_word' id='word_1_27' title='bbox 958 656 1098 689; x_wconf 85' lang='lat' dir='ltr'>Gratis</span> <span class='ocrx_word' id='word_1_28' title='bbox 1114 658 1138 690; x_wconf 91' lang='lat'>1.</span> <span class='ocrx_word' id='word_1_29' title='bbox 1165 657 1333 690; x_wconf 68' lang='lat' dir='ltr'>Contione-³</span> <span class='ocrx_word' id='word_1_30' title='bbox 1345 668 1469 698; x_wconf 70' lang='lat' dir='ltr'>sacras,</span> <span class='ocrx_word' id='word_1_31' title='bbox 1486 669 1564 700; x_wconf 75' lang='lat' dir='ltr'>quae</span> <span class='ocrx_word' id='word_1_32' title='bbox 1580 669 1599 690; x_wconf 84' lang='grc' dir='ltr'><em>α</em></span> <span class='ocrx_word' id='word_1_33' title='bbox 1615 659 1760 691; x_wconf 70' lang='lat' dir='ltr'>ministro</span> <span class='ocrx_word' id='word_1_34' title='bbox 1776 659 1820 691; x_wconf 82' lang='lat' dir='ltr'>od</span> <span class='ocrx_word' id='word_1_35' title='bbox 1834 659 1935 691; x_wconf 76' lang='lat' dir='ltr'>altare</span> 
     </span>
     <span class='ocr_line' id='line_1_7' title="bbox 167 705 1935 788; baseline 0.001 -48"><span class='ocrx_word' id='word_1_36' title='bbox 167 707 291 740; x_wconf 68' lang='lat' dir='ltr'>camari</span> <span class='ocrx_word' id='word_1_37' title='bbox 303 705 657 788; x_wconf 54' lang='grc' dir='ltr'>εοῑείαπὲθῑκρὶἰοαὸίι</span> <span class='ocrx_word' id='word_1_38' title='bbox 673 705 705 739; x_wconf 82' lang='grc'>(1.</span> <span class='ocrx_word' id='word_1_39' title='bbox 722 706 825 740; x_wconf 89' lang='lat' dir='ltr'>Merc.</span> <span class='ocrx_word' id='word_1_40' title='bbox 843 706 876 740; x_wconf 92' lang='lat' dir='ltr'>h.</span> <span class='ocrx_word' id='word_1_41' title='bbox 892 707 948 739; x_wconf 88' lang='grc' dir='ltr'><strong>ΙΙΙ.</strong></span> <span class='ocrx_word' id='word_1_42' title='bbox 983 708 1022 741; x_wconf 92' lang='grc' dir='ltr'>ΙΙ.</span> <span class='ocrx_word' id='word_1_43' title='bbox 1046 709 1154 740; x_wconf 82' lang='lat' dir='ltr'><em>Artem</em></span> <span class='ocrx_word' id='word_1_44' title='bbox 1163 709 1312 749; x_wconf 72' lang='lat' dir='ltr'>pluribus</span> <span class='ocrx_word' id='word_1_45' title='bbox 1328 708 1454 741; x_wconf 72' lang='lat' dir='ltr'>vocibus</span> <span class='ocrx_word' id='word_1_46' title='bbox 1477 710 1665 741; x_wconf 77' lang='lat' dir='ltr'>concinendi</span> <span class='ocrx_word' id='word_1_47' title='bbox 1687 709 1824 741; x_wconf 86' lang='lat' dir='ltr'>docebit</span> <span class='ocrx_word' id='word_1_48' title='bbox 1847 709 1935 741; x_wconf 83' lang='lat' dir='ltr'>binis</span> 
     </span>
     <span class='ocr_line' id='line_1_8' title="bbox 166 756 1936 852; baseline 0.002 -13"><span class='ocrx_word' id='word_1_49' title='bbox 166 768 228 811; x_wconf 41' lang='grc' dir='ltr'>ΡΨ</span> <span class='ocrx_word' id='word_1_50' title='bbox 248 756 532 840; x_wconf 51' lang='lat' dir='ltr'>hebglsllllllallls</span> <span class='ocrx_word' id='word_1_51' title='bbox 555 807 695 846; x_wconf 85' lang='lat' dir='ltr'><strong>BOHN,</strong></span> <span class='ocrx_word' id='word_1_52' title='bbox 720 808 777 842; x_wconf 90' lang='lat' dir='ltr'>Dr.</span> <span class='ocrx_word' id='word_1_53' title='bbox 824 809 959 841; x_wconf 85' lang='lat' dir='ltr'>Gratis</span> <span class='ocrx_word' id='word_1_54' title='bbox 990 810 1013 842; x_wconf 92' lang='grc' dir='ltr'>Ι.</span> <span class='ocrx_word' id='word_1_55' title='bbox 1058 811 1146 842; x_wconf 75' lang='lat' dir='ltr'>Artis</span> <span class='ocrx_word' id='word_1_56' title='bbox 1175 811 1378 843; x_wconf 74' lang='lat' dir='ltr'><em>harmonicae</em></span> <span class='ocrx_word' id='word_1_57' title='bbox 1401 814 1525 852; x_wconf 77' lang='lat' dir='ltr'>partem</span> <span class='ocrx_word' id='word_1_58' title='bbox 1549 812 1687 852; x_wconf 78' lang='lat' dir='ltr'>primam</span> <span class='ocrx_word' id='word_1_59' title='bbox 1716 811 1853 843; x_wconf 82' lang='lat' dir='ltr'><strong>docebit</strong></span> <span class='ocrx_word' id='word_1_60' title='bbox 1882 812 1936 843; x_wconf 87' lang='lat' dir='ltr'>bis</span> 
     </span>
     <span class='ocr_line' id='line_1_9' title="bbox 166 858 1936 904; baseline 0.002 -13"><span class='ocrx_word' id='word_1_61' title='bbox 166 869 227 902; x_wconf 87' lang='lat' dir='ltr'>per</span> <span class='ocrx_word' id='word_1_62' title='bbox 254 858 355 892; x_wconf 82' lang='lat' dir='ltr'><strong>hebd.</strong></span> <span class='ocrx_word' id='word_1_63' title='bbox 382 858 415 892; x_wconf 86' lang='lat' dir='ltr'>h.</span> <span class='ocrx_word' id='word_1_64' title='bbox 439 859 503 892; x_wconf 88' lang='lat' dir='ltr'>def.</span> <span class='ocrx_word' id='word_1_65' title='bbox 538 859 578 891; x_wconf 91' lang='lat'>11.</span> <span class='ocrx_word' id='word_1_66' title='bbox 617 860 869 892; x_wconf 70' lang='lat' dir='ltr'><strong><em>Exercitationes</em></strong></span> <span class='ocrx_word' id='word_1_67' title='bbox 893 861 936 893; x_wconf 82' lang='lat' dir='ltr'>ad</span> <span class='ocrx_word' id='word_1_68' title='bbox 957 865 1228 903; x_wconf 75' lang='lat' dir='ltr'>contrapunctum,</span> <span class='ocrx_word' id='word_1_69' title='bbox 1252 863 1336 904; x_wconf 78' lang='lat' dir='ltr'>quod</span> <span class='ocrx_word' id='word_1_70' title='bbox 1358 863 1484 902; x_wconf 76' lang='lat' dir='ltr'>dicitur,</span> <span class='ocrx_word' id='word_1_71' title='bbox 1507 866 1683 904; x_wconf 72' lang='lat' dir='ltr'><em>spectantes</em></span> <span class='ocrx_word' id='word_1_72' title='bbox 1707 862 1936 895; x_wconf 77' lang='lat' dir='ltr'>moderabitur</span> 
     </span>
     <span class='ocr_line' id='line_1_10' title="bbox 167 909 1623 955; baseline 0.002 -12"><span class='ocrx_word' id='word_1_73' title='bbox 167 910 269 943; x_wconf 85' lang='lat' dir='ltr'>semel</span> <span class='ocrx_word' id='word_1_74' title='bbox 291 921 352 953; x_wconf 89' lang='lat' dir='ltr'>per</span> <span class='ocrx_word' id='word_1_75' title='bbox 374 909 474 944; x_wconf 90' lang='lat' dir='ltr'>hebd.</span> <span class='ocrx_word' id='word_1_76' title='bbox 498 910 532 944; x_wconf 85' lang='lat' dir='ltr'>h.</span> <span class='ocrx_word' id='word_1_77' title='bbox 556 910 621 944; x_wconf 89' lang='lat' dir='ltr'>def.</span> <span class='ocrx_word' id='word_1_78' title='bbox 668 912 723 943; x_wconf 90' lang='lat'>111.</span> <span class='ocrx_word' id='word_1_79' title='bbox 771 911 899 952; x_wconf 77' lang='lat' dir='ltr'>Oryano</span> <span class='ocrx_word' id='word_1_80' title='bbox 923 923 1036 944; x_wconf 81' lang='lat' dir='ltr'>canere</span> <span class='ocrx_word' id='word_1_81' title='bbox 1059 912 1195 944; x_wconf 80' lang='lat' dir='ltr'>docebit</span> <span class='ocrx_word' id='word_1_82' title='bbox 1219 913 1270 944; x_wconf 88' lang='lat' dir='ltr'>bis</span> <span class='ocrx_word' id='word_1_83' title='bbox 1294 924 1354 955; x_wconf 86' lang='lat' dir='ltr'>per</span> <span class='ocrx_word' id='word_1_84' title='bbox 1378 913 1478 946; x_wconf 87' lang='lat' dir='ltr'>hebd.</span> <span class='ocrx_word' id='word_1_85' title='bbox 1501 912 1533 946; x_wconf 88' lang='lat' dir='ltr'>h.</span> <span class='ocrx_word' id='word_1_86' title='bbox 1558 913 1623 946; x_wconf 82' lang='lat' dir='ltr'>def.</span> 
     </span>
    </p>
   </div>
   <div class='ocr_carea' id='block_1_6' title="bbox 166 1066 1938 2083">
    <p class='ocr_par' dir='ltr' id='par_1_6' title="bbox 166 1066 1936 1158">
     <span class='ocr_line' id='line_1_11' title="bbox 318 1066 1936 1109; baseline 0.002 -12"><span class='ocrx_word' id='word_1_87' title='bbox 318 1069 432 1098; x_wconf 81' lang='lat' dir='ltr'>Artem</span> <span class='ocrx_word' id='word_1_88' title='bbox 447 1076 568 1102; x_wconf 89' lang='lat' dir='ltr'>rerum,</span> <span class='ocrx_word' id='word_1_89' title='bbox 587 1075 675 1108; x_wconf 86' lang='lat' dir='ltr'>quae</span> <span class='ocrx_word' id='word_1_90' title='bbox 691 1066 735 1097; x_wconf 88' lang='lat' dir='ltr'>ad</span> <span class='ocrx_word' id='word_1_91' title='bbox 750 1067 893 1109; x_wconf 84' lang='lat' dir='ltr'>physica</span> <span class='ocrx_word' id='word_1_92' title='bbox 909 1069 1084 1109; x_wconf 79' lang='lat' dir='ltr'>pertinent,</span> <span class='ocrx_word' id='word_1_93' title='bbox 1108 1067 1380 1099; x_wconf 80' lang='lat' dir='ltr'>delineandarum</span> <span class='ocrx_word' id='word_1_94' title='bbox 1405 1067 1542 1099; x_wconf 86' lang='lat' dir='ltr'>docebit</span> <span class='ocrx_word' id='word_1_95' title='bbox 1556 1068 1769 1108; x_wconf 74' lang='lat' dir='ltr'>Assmunn,</span> <span class='ocrx_word' id='word_1_96' title='bbox 1793 1068 1936 1101; x_wconf 84' lang='lat' dir='ltr'>taxider·</span> 
     </span>
     <span class='ocr_line' id='line_1_12' title="bbox 166 1116 1008 1158; baseline 0.001 -8"><span class='ocrx_word' id='word_1_97' title='bbox 166 1117 263 1150; x_wconf 81' lang='lat' dir='ltr'>miam</span> <span class='ocrx_word' id='word_1_98' title='bbox 289 1118 490 1158; x_wconf 75' lang='lat' dir='ltr'>Tiemann,</span> <span class='ocrx_word' id='word_1_99' title='bbox 514 1121 618 1148; x_wconf 82' lang='lat' dir='ltr'>artem</span> <span class='ocrx_word' id='word_1_100' title='bbox 641 1116 801 1148; x_wconf 85' lang='lat' dir='ltr'>batuendi</span> <span class='ocrx_word' id='word_1_101' title='bbox 823 1118 1008 1158; x_wconf 74' lang='lat' dir='ltr'>Pseiffer.</span> 
     </span>
    </p>

    <p class='ocr_par' dir='ltr' id='par_1_7' title="bbox 166 1167 1938 1468">
     <span class='ocr_line' id='line_1_13' title="bbox 317 1167 1937 1213; baseline 0.002 -13"><span class='ocrx_word' id='word_1_102' title='bbox 317 1167 532 1200; x_wconf 81' lang='lat' dir='ltr'><strong>Bibliotheca</strong></span> <span class='ocrx_word' id='word_1_103' title='bbox 572 1167 765 1200; x_wconf 78' lang='lat' dir='ltr'>academica</span> <span class='ocrx_word' id='word_1_104' title='bbox 797 1167 935 1200; x_wconf 85' lang='lat' dir='ltr'>lecturis</span> <span class='ocrx_word' id='word_1_105' title='bbox 968 1170 1098 1212; x_wconf 87' lang='lat' dir='ltr'>patebit</span> <span class='ocrx_word' id='word_1_106' title='bbox 1136 1170 1288 1213; x_wconf 80' lang='lat' dir='ltr'>quotidie</span> <span class='ocrx_word' id='word_1_107' title='bbox 1323 1170 1355 1202; x_wconf 84' lang='lat' dir='ltr'>h.</span> <span class='ocrx_word' id='word_1_108' title='bbox 1384 1169 1538 1207; x_wconf 82' lang='lat' dir='ltr'>Ix—m‚</span> <span class='ocrx_word' id='word_1_109' title='bbox 1579 1170 1685 1202; x_wconf 88' lang='lat' dir='ltr'>libros</span> <span class='ocrx_word' id='word_1_110' title='bbox 1715 1170 1869 1212; x_wconf 84' lang='lat' dir='ltr'>petituris</span> <span class='ocrx_word' id='word_1_111' title='bbox 1904 1175 1937 1203; x_wconf 87' lang='lat' dir='ltr'>et</span> 
     </span>
     <span class='ocr_line' id='line_1_14' title="bbox 166 1219 1937 1264; baseline 0.002 -13"><span class='ocrx_word' id='word_1_112' title='bbox 166 1219 348 1252; x_wconf 83' lang='lat' dir='ltr'>reddituris</span> <span class='ocrx_word' id='word_1_113' title='bbox 376 1219 409 1251; x_wconf 87' lang='lat' dir='ltr'>h.</span> <span class='ocrx_word' id='word_1_114' title='bbox 443 1219 628 1262; x_wconf 71' lang='lat' dir='ltr'>XI—11l2.</span> <span class='ocrx_word' id='word_1_115' title='bbox 684 1219 793 1262; x_wconf 82' lang='lat' dir='ltr'>Leges</span> <span class='ocrx_word' id='word_1_116' title='bbox 831 1220 958 1252; x_wconf 89' lang='lat' dir='ltr'>indicat</span> <span class='ocrx_word' id='word_1_117' title='bbox 998 1221 1125 1253; x_wconf 80' lang='lat' dir='ltr'>scheda</span> <span class='ocrx_word' id='word_1_118' title='bbox 1164 1221 1196 1253; x_wconf 91' lang='lat' dir='ltr'>in</span> <span class='ocrx_word' id='word_1_119' title='bbox 1238 1221 1391 1253; x_wconf 85' lang='lat' dir='ltr'>conclavi</span> <span class='ocrx_word' id='word_1_120' title='bbox 1441 1220 1562 1252; x_wconf 89' lang='lat' dir='ltr'>studiis</span> <span class='ocrx_word' id='word_1_121' title='bbox 1600 1220 1712 1253; x_wconf 81' lang='lat' dir='ltr'>dicato</span> <span class='ocrx_word' id='word_1_122' title='bbox 1749 1222 1937 1264; x_wconf 75' lang='lat' dir='ltr'>proposita.</span> 
     </span>
     <span class='ocr_line' id='line_1_15' title="bbox 166 1270 1937 1316; baseline 0.001 -12"><span class='ocrx_word' id='word_1_123' title='bbox 166 1270 379 1304; x_wconf 79' lang='lat' dir='ltr'>Bibliotheca</span> <span class='ocrx_word' id='word_1_124' title='bbox 413 1270 643 1302; x_wconf 88' lang='lat' dir='ltr'>studiosorum</span> <span class='ocrx_word' id='word_1_125' title='bbox 677 1271 814 1313; x_wconf 84' lang='lat' dir='ltr'>propria</span> <span class='ocrx_word' id='word_1_126' title='bbox 850 1271 977 1313; x_wconf 83' lang='lat' dir='ltr'>patebit</span> <span class='ocrx_word' id='word_1_127' title='bbox 1011 1272 1163 1315; x_wconf 84' lang='lat' dir='ltr'>quotidie</span> <span class='ocrx_word' id='word_1_128' title='bbox 1198 1273 1239 1304; x_wconf 88' lang='lat' dir='ltr'>ab</span> <span class='ocrx_word' id='word_1_129' title='bbox 1271 1272 1303 1305; x_wconf 93' lang='lat' dir='ltr'>h.</span> <span class='ocrx_word' id='word_1_130' title='bbox 1328 1273 1360 1304; x_wconf 93' lang='lat'>11</span> <span class='ocrx_word' id='word_1_131' title='bbox 1386 1282 1495 1314; x_wconf 88' lang='lat' dir='ltr'>usque</span> <span class='ocrx_word' id='word_1_132' title='bbox 1524 1271 1567 1304; x_wconf 84' lang='lat' dir='ltr'>ad</span> <span class='ocrx_word' id='word_1_133' title='bbox 1596 1272 1629 1305; x_wconf 88' lang='lat' dir='ltr'>h.</span> <span class='ocrx_word' id='word_1_134' title='bbox 1657 1271 1716 1304; x_wconf 94' lang='lat' dir='ltr'>IV.</span> <span class='ocrx_word' id='word_1_135' title='bbox 1772 1271 1937 1316; x_wconf 80' lang='lat' dir='ltr'>Reliquae</span> 
     </span>
     <span class='ocr_line' id='line_1_16' title="bbox 166 1321 1938 1367; baseline 0 -12"><span class='ocrx_word' id='word_1_136' title='bbox 166 1321 268 1355; x_wconf 88' lang='lat' dir='ltr'>huius</span> <span class='ocrx_word' id='word_1_137' title='bbox 301 1322 395 1354; x_wconf 89' lang='lat' dir='ltr'>urbis</span> <span class='ocrx_word' id='word_1_138' title='bbox 429 1321 670 1359; x_wconf 82' lang='lat' dir='ltr'>bibliothecae,</span> <span class='ocrx_word' id='word_1_139' title='bbox 711 1321 947 1365; x_wconf 83' lang='lat' dir='ltr'>Rehdigeraua</span> <span class='ocrx_word' id='word_1_140' title='bbox 981 1334 1055 1355; x_wconf 90' lang='lat' dir='ltr'>cum</span> <span class='ocrx_word' id='word_1_141' title='bbox 1090 1323 1259 1367; x_wconf 85' lang='lat' dir='ltr'>Burgiana</span> <span class='ocrx_word' id='word_1_142' title='bbox 1292 1324 1504 1360; x_wconf 88' lang='lat' dir='ltr'>consociata,</span> <span class='ocrx_word' id='word_1_143' title='bbox 1545 1323 1624 1355; x_wconf 89' lang='lat' dir='ltr'>item</span> <span class='ocrx_word' id='word_1_144' title='bbox 1659 1334 1713 1361; x_wconf 85' lang='lat' dir='ltr'>ea,</span> <span class='ocrx_word' id='word_1_145' title='bbox 1754 1334 1841 1367; x_wconf 79' lang='lat' dir='ltr'>quae</span> <span class='ocrx_word' id='word_1_146' title='bbox 1875 1323 1938 1356; x_wconf 77' lang='lat' dir='ltr'>suit</span> 
     </span>
     <span class='ocr_line' id='line_1_17' title="bbox 170 1372 1938 1418; baseline 0 -12"><span class='ocrx_word' id='word_1_147' title='bbox 170 1372 214 1406; x_wconf 76' lang='lat' dir='ltr'>ad</span> <span class='ocrx_word' id='word_1_148' title='bbox 247 1372 363 1405; x_wconf 87' lang='lat' dir='ltr'>aedem</span> <span class='ocrx_word' id='word_1_149' title='bbox 393 1373 428 1406; x_wconf 88' lang='lat' dir='ltr'>S.</span> <span class='ocrx_word' id='word_1_150' title='bbox 456 1372 668 1410; x_wconf 85' lang='lat' dir='ltr'>Bernardini,</span> <span class='ocrx_word' id='word_1_151' title='bbox 705 1372 853 1416; x_wconf 88' lang='lat' dir='ltr'>denique</span> <span class='ocrx_word' id='word_1_152' title='bbox 886 1374 1001 1414; x_wconf 87' lang='lat' dir='ltr'>tertia,</span> <span class='ocrx_word' id='word_1_153' title='bbox 1037 1385 1124 1418; x_wconf 83' lang='lat' dir='ltr'>quae</span> <span class='ocrx_word' id='word_1_154' title='bbox 1158 1375 1200 1407; x_wconf 87' lang='lat' dir='ltr'>ad</span> <span class='ocrx_word' id='word_1_155' title='bbox 1235 1374 1351 1407; x_wconf 87' lang='lat' dir='ltr'>aedem</span> <span class='ocrx_word' id='word_1_156' title='bbox 1386 1375 1420 1407; x_wconf 88' lang='lat' dir='ltr'>S.</span> <span class='ocrx_word' id='word_1_157' title='bbox 1449 1374 1575 1406; x_wconf 82' lang='lat' dir='ltr'>Mariae</span> <span class='ocrx_word' id='word_1_158' title='bbox 1610 1374 1830 1417; x_wconf 81' lang='lat' dir='ltr'>Magdalenae</span> <span class='ocrx_word' id='word_1_159' title='bbox 1863 1374 1938 1412; x_wconf 78' lang='lat' dir='ltr'>suit,</span> 
     </span>
     <span class='ocr_line' id='line_1_18' title="bbox 166 1423 1654 1468; baseline 0.001 -11"><span class='ocrx_word' id='word_1_160' title='bbox 166 1425 200 1457; x_wconf 89' lang='lat' dir='ltr'>in</span> <span class='ocrx_word' id='word_1_161' title='bbox 221 1435 343 1457; x_wconf 86' lang='lat' dir='ltr'>novam</span> <span class='ocrx_word' id='word_1_162' title='bbox 367 1424 492 1456; x_wconf 85' lang='lat' dir='ltr'>curiam</span> <span class='ocrx_word' id='word_1_163' title='bbox 515 1423 697 1456; x_wconf 81' lang='lat' dir='ltr'>translatae</span> <span class='ocrx_word' id='word_1_164' title='bbox 720 1425 884 1467; x_wconf 86' lang='lat' dir='ltr'>patebunt</span> <span class='ocrx_word' id='word_1_165' title='bbox 907 1426 1059 1468; x_wconf 85' lang='lat' dir='ltr'>quotidie</span> <span class='ocrx_word' id='word_1_166' title='bbox 1082 1426 1159 1458; x_wconf 90' lang='lat' dir='ltr'>inde</span> <span class='ocrx_word' id='word_1_167' title='bbox 1183 1427 1224 1458; x_wconf 87' lang='lat' dir='ltr'>ab</span> <span class='ocrx_word' id='word_1_168' title='bbox 1249 1426 1281 1458; x_wconf 91' lang='lat' dir='ltr'>h.</span> <span class='ocrx_word' id='word_1_169' title='bbox 1305 1427 1337 1459; x_wconf 87' lang='lat' dir='ltr'>X</span> <span class='ocrx_word' id='word_1_170' title='bbox 1359 1436 1468 1468; x_wconf 89' lang='lat' dir='ltr'>usque</span> <span class='ocrx_word' id='word_1_171' title='bbox 1491 1425 1535 1458; x_wconf 83' lang='lat' dir='ltr'>ad</span> <span class='ocrx_word' id='word_1_172' title='bbox 1558 1425 1590 1458; x_wconf 84' lang='lat' dir='ltr'>h.</span> <span class='ocrx_word' id='word_1_173' title='bbox 1613 1426 1654 1458; x_wconf 91' lang='lat'>11.</span> 
     </span>
    </p>

    <p class='ocr_par' dir='ltr' id='par_1_8' title="bbox 168 1475 1936 1571">
     <span class='ocr_line' id='line_1_19' title="bbox 317 1475 1936 1520; baseline 0.001 -12"><span class='ocrx_word' id='word_1_174' title='bbox 317 1475 473 1508; x_wconf 89' lang='lat' dir='ltr'>Museum</span> <span class='ocrx_word' id='word_1_175' title='bbox 504 1475 774 1518; x_wconf 84' lang='lat' dir='ltr'>ephemeridibus</span> <span class='ocrx_word' id='word_1_176' title='bbox 803 1481 836 1508; x_wconf 89' lang='lat' dir='ltr'>et</span> <span class='ocrx_word' id='word_1_177' title='bbox 869 1477 1004 1519; x_wconf 88' lang='lat' dir='ltr'>scriptis</span> <span class='ocrx_word' id='word_1_178' title='bbox 1037 1477 1219 1520; x_wconf 89' lang='lat' dir='ltr'>periodicis</span> <span class='ocrx_word' id='word_1_179' title='bbox 1252 1477 1405 1520; x_wconf 84' lang='lat' dir='ltr'>legendis</span> <span class='ocrx_word' id='word_1_180' title='bbox 1435 1487 1454 1508; x_wconf 84' lang='lat' dir='ltr'>a</span> <span class='ocrx_word' id='word_1_181' title='bbox 1483 1477 1645 1509; x_wconf 85' lang='lat' dir='ltr'>societate</span> <span class='ocrx_word' id='word_1_182' title='bbox 1681 1476 1873 1509; x_wconf 78' lang='lat' dir='ltr'>academica</span> <span class='ocrx_word' id='word_1_183' title='bbox 1901 1477 1936 1509; x_wconf 88' lang='lat' dir='ltr'>iu</span> 
     </span>
     <span class='ocr_line' id='line_1_20' title="bbox 168 1527 1935 1571; baseline 0 -11"><span class='ocrx_word' id='word_1_184' title='bbox 168 1527 385 1560; x_wconf 83' lang='lat' dir='ltr'>universitate</span> <span class='ocrx_word' id='word_1_185' title='bbox 416 1527 604 1558; x_wconf 89' lang='lat' dir='ltr'>institutum</span> <span class='ocrx_word' id='word_1_186' title='bbox 637 1527 740 1559; x_wconf 89' lang='lat' dir='ltr'>sociis</span> <span class='ocrx_word' id='word_1_187' title='bbox 762 1527 891 1569; x_wconf 83' lang='lat' dir='ltr'>patebit</span> <span class='ocrx_word' id='word_1_188' title='bbox 911 1527 943 1560; x_wconf 87' lang='lat' dir='ltr'>h.</span> <span class='ocrx_word' id='word_1_189' title='bbox 968 1528 1017 1560; x_wconf 88' lang='lat' dir='ltr'>IX</span> <span class='ocrx_word' id='word_1_190' title='bbox 1033 1528 1236 1562; x_wconf 60' lang='lat' dir='ltr'>mat-Vm</span> <span class='ocrx_word' id='word_1_191' title='bbox 1258 1539 1368 1571; x_wconf 89' lang='lat' dir='ltr'>vesp.,</span> <span class='ocrx_word' id='word_1_192' title='bbox 1403 1528 1523 1560; x_wconf 87' lang='lat' dir='ltr'>die-bus</span> <span class='ocrx_word' id='word_1_193' title='bbox 1547 1528 1722 1560; x_wconf 82' lang='lat' dir='ltr'>dominicis</span> <span class='ocrx_word' id='word_1_194' title='bbox 1745 1528 1778 1561; x_wconf 84' lang='lat' dir='ltr'>h.</span> <span class='ocrx_word' id='word_1_195' title='bbox 1801 1528 1935 1561; x_wconf 85' lang='lat' dir='ltr'>XI—ll.</span> 
     </span>
    </p>

    <p class='ocr_par' dir='ltr' id='par_1_9' title="bbox 167 1577 1938 2083">
     <span class='ocr_line' id='line_1_21' title="bbox 318 1577 1934 1623; baseline 0.001 -13"><span class='ocrx_word' id='word_1_196' title='bbox 318 1577 546 1610; x_wconf 89' lang='lat' dir='ltr'>Collectiones</span> <span class='ocrx_word' id='word_1_197' title='bbox 561 1588 671 1609; x_wconf 85' lang='lat' dir='ltr'>rerum</span> <span class='ocrx_word' id='word_1_198' title='bbox 695 1581 729 1610; x_wconf 91' lang='lat' dir='ltr'>et</span> <span class='ocrx_word' id='word_1_199' title='bbox 743 1578 1038 1611; x_wconf 85' lang='lat' dir='ltr'>instrumentorum</span> <span class='ocrx_word' id='word_1_200' title='bbox 1055 1579 1098 1611; x_wconf 88' lang='lat' dir='ltr'>ad</span> <span class='ocrx_word' id='word_1_201' title='bbox 1115 1580 1300 1623; x_wconf 86' lang='lat' dir='ltr'>physicam,</span> <span class='ocrx_word' id='word_1_202' title='bbox 1317 1580 1563 1616; x_wconf 78' lang='lat' dir='ltr'>astronomiam,</span> <span class='ocrx_word' id='word_1_203' title='bbox 1587 1584 1774 1617; x_wconf 72' lang='lat' dir='ltr'>anatomm,</span> <span class='ocrx_word' id='word_1_204' title='bbox 1792 1580 1934 1623; x_wconf 88' lang='lat' dir='ltr'>physio·</span> 
     </span>
     <span class='ocr_line' id='line_1_22' title="bbox 167 1628 1934 1673; baseline 0.001 -13"><span class='ocrx_word' id='word_1_205' title='bbox 167 1629 300 1672; x_wconf 78' lang='lat' dir='ltr'>logiam,</span> <span class='ocrx_word' id='word_1_206' title='bbox 313 1628 512 1672; x_wconf 80' lang='lat' dir='ltr'>zoologiam‚</span> <span class='ocrx_word' id='word_1_207' title='bbox 525 1628 726 1667; x_wconf 83' lang='lat' dir='ltr'>botanicam,</span> <span class='ocrx_word' id='word_1_208' title='bbox 739 1629 998 1673; x_wconf 85' lang='lat' dir='ltr'>mineralogiam,</span> <span class='ocrx_word' id='word_1_209' title='bbox 1012 1631 1059 1662; x_wconf 89' lang='lat' dir='ltr'>rei</span> <span class='ocrx_word' id='word_1_210' title='bbox 1072 1631 1217 1663; x_wconf 77' lang='lat' dir='ltr'>rusticae</span> <span class='ocrx_word' id='word_1_211' title='bbox 1231 1631 1415 1663; x_wconf 86' lang='lat' dir='ltr'>doctrinam</span> <span class='ocrx_word' id='word_1_212' title='bbox 1433 1631 1676 1673; x_wconf 86' lang='lat' dir='ltr'>pertinentium,</span> <span class='ocrx_word' id='word_1_213' title='bbox 1692 1630 1934 1662; x_wconf 80' lang='lat' dir='ltr'>laboratorium</span> 
     </span>
     <span class='ocr_line' id='line_1_23' title="bbox 167 1680 1937 1725; baseline 0.001 -12"><span class='ocrx_word' id='word_1_214' title='bbox 167 1680 363 1718; x_wconf 89' lang='lat' dir='ltr'>chemicum,</span> <span class='ocrx_word' id='word_1_215' title='bbox 385 1690 536 1712; x_wconf 90' lang='lat' dir='ltr'>museum</span> <span class='ocrx_word' id='word_1_216' title='bbox 552 1680 854 1724; x_wconf 81' lang='lat' dir='ltr'>archaeologicum‚</span> <span class='ocrx_word' id='word_1_217' title='bbox 883 1681 1040 1714; x_wconf 89' lang='lat' dir='ltr'>collectio</span> <span class='ocrx_word' id='word_1_218' title='bbox 1065 1682 1349 1725; x_wconf 83' lang='lat' dir='ltr'>chalcographica</span> <span class='ocrx_word' id='word_1_219' title='bbox 1371 1682 1571 1724; x_wconf 85' lang='lat' dir='ltr'>inspiciendi</span> <span class='ocrx_word' id='word_1_220' title='bbox 1594 1682 1691 1713; x_wconf 83' lang='lat' dir='ltr'>venia</span> <span class='ocrx_word' id='word_1_221' title='bbox 1714 1692 1776 1713; x_wconf 89' lang='lat' dir='ltr'>suo</span> <span class='ocrx_word' id='word_1_222' title='bbox 1801 1681 1878 1713; x_wconf 90' lang='lat' dir='ltr'>loco</span> <span class='ocrx_word' id='word_1_223' title='bbox 1903 1687 1937 1714; x_wconf 87' lang='lat' dir='ltr'>et</span> 
     </span>
     <span class='ocr_line' id='line_1_24' title="bbox 172 1732 1938 1775; baseline -0.001 -10"><span class='ocrx_word' id='word_1_224' title='bbox 172 1736 321 1775; x_wconf 88' lang='lat' dir='ltr'>tempore</span> <span class='ocrx_word' id='word_1_225' title='bbox 343 1732 522 1775; x_wconf 76' lang='lat' dir='ltr'>impetrata</span> <span class='ocrx_word' id='word_1_226' title='bbox 544 1732 829 1765; x_wconf 80' lang='lat' dir='ltr'>monstrabuntur.</span> <span class='ocrx_word' id='word_1_227' title='bbox 878 1732 1007 1765; x_wconf 87' lang='lat' dir='ltr'>Hortus</span> <span class='ocrx_word' id='word_1_228' title='bbox 1041 1733 1219 1765; x_wconf 88' lang='lat' dir='ltr'>botanicus</span> <span class='ocrx_word' id='word_1_229' title='bbox 1248 1733 1367 1765; x_wconf 84' lang='lat' dir='ltr'>diebus</span> <span class='ocrx_word' id='word_1_230' title='bbox 1397 1733 1550 1765; x_wconf 90' lang='lat' dir='ltr'>omnibus</span> <span class='ocrx_word' id='word_1_231' title='bbox 1586 1738 1718 1775; x_wconf 87' lang='lat' dir='ltr'>praeter</span> <span class='ocrx_word' id='word_1_232' title='bbox 1751 1732 1938 1764; x_wconf 83' lang='lat' dir='ltr'>dominicos</span> 
     </span>
     <span class='ocr_line' id='line_1_25' title="bbox 168 1782 1937 1827; baseline 0 -12"><span class='ocrx_word' id='word_1_233' title='bbox 168 1783 313 1827; x_wconf 81' lang='lat' dir='ltr'>patebit3</span> <span class='ocrx_word' id='word_1_234' title='bbox 345 1783 393 1815; x_wconf 84' lang='lat' dir='ltr'>rei</span> <span class='ocrx_word' id='word_1_235' title='bbox 418 1783 594 1815; x_wconf 81' lang='lat' dir='ltr'>herbariae</span> <span class='ocrx_word' id='word_1_236' title='bbox 617 1782 791 1822; x_wconf 86' lang='lat' dir='ltr'>studiosis,</span> <span class='ocrx_word' id='word_1_237' title='bbox 826 1784 884 1826; x_wconf 87' lang='lat' dir='ltr'>qui</span> <span class='ocrx_word' id='word_1_238' title='bbox 916 1794 975 1826; x_wconf 90' lang='lat' dir='ltr'>per</span> <span class='ocrx_word' id='word_1_239' title='bbox 1007 1784 1147 1816; x_wconf 90' lang='lat' dir='ltr'>hiemem</span> <span class='ocrx_word' id='word_1_240' title='bbox 1173 1784 1358 1827; x_wconf 84' lang='lat' dir='ltr'>plantarum</span> <span class='ocrx_word' id='word_1_241' title='bbox 1387 1783 1604 1816; x_wconf 83' lang='lat' dir='ltr'>hibernacula</span> <span class='ocrx_word' id='word_1_242' title='bbox 1630 1784 1663 1815; x_wconf 91' lang='lat' dir='ltr'>in</span> <span class='ocrx_word' id='word_1_243' title='bbox 1686 1783 1794 1815; x_wconf 86' lang='lat' dir='ltr'>hortis</span> <span class='ocrx_word' id='word_1_244' title='bbox 1825 1783 1937 1826; x_wconf 80' lang='lat' dir='ltr'>posita</span> 
     </span>
     <span class='ocr_line' id='line_1_26' title="bbox 169 1834 1936 1877; baseline 0 -11"><span class='ocrx_word' id='word_1_245' title='bbox 169 1834 261 1867; x_wconf 85' lang='lat' dir='ltr'>adire</span> <span class='ocrx_word' id='word_1_246' title='bbox 273 1834 471 1877; x_wconf 67' lang='lat' dir='ltr'>cupivefint,</span> <span class='ocrx_word' id='word_1_247' title='bbox 494 1834 595 1867; x_wconf 86' lang='lat' dir='ltr'>certis</span> <span class='ocrx_word' id='word_1_248' title='bbox 613 1834 706 1866; x_wconf 89' lang='lat' dir='ltr'>horis</span> <span class='ocrx_word' id='word_1_249' title='bbox 730 1835 802 1867; x_wconf 89' lang='lat' dir='ltr'>eius</span> <span class='ocrx_word' id='word_1_250' title='bbox 817 1835 865 1866; x_wconf 90' lang='lat' dir='ltr'>rei</span> <span class='ocrx_word' id='word_1_251' title='bbox 889 1835 930 1867; x_wconf 87' lang='lat' dir='ltr'>ab</span> <span class='ocrx_word' id='word_1_252' title='bbox 954 1835 1127 1867; x_wconf 84' lang='lat' dir='ltr'>hortorum</span> <span class='ocrx_word' id='word_1_253' title='bbox 1148 1835 1313 1867; x_wconf 87' lang='lat' dir='ltr'>directore</span> <span class='ocrx_word' id='word_1_254' title='bbox 1337 1840 1487 1877; x_wconf 83' lang='lat' dir='ltr'>potestas</span> <span class='ocrx_word' id='word_1_255' title='bbox 1510 1835 1576 1868; x_wconf 82' lang='lat' dir='ltr'>fiet.</span> <span class='ocrx_word' id='word_1_256' title='bbox 1611 1834 1836 1867; x_wconf 59' lang='lat' dir='ltr'>pinacothecas</span> <span class='ocrx_word' id='word_1_257' title='bbox 1859 1845 1936 1866; x_wconf 80' lang='lat' dir='ltr'>aca-</span> 
     </span>
     <span class='ocr_line' id='line_1_27' title="bbox 169 1884 1936 1928; baseline -0.001 -10"><span class='ocrx_word' id='word_1_258' title='bbox 169 1885 298 1918; x_wconf 85' lang='lat' dir='ltr'>demica</span> <span class='ocrx_word' id='word_1_259' title='bbox 314 1896 388 1918; x_wconf 89' lang='lat' dir='ltr'>cum</span> <span class='ocrx_word' id='word_1_260' title='bbox 405 1885 628 1928; x_wconf 80' lang='lat' dir='ltr'>pinacotheca</span> <span class='ocrx_word' id='word_1_261' title='bbox 645 1886 816 1918; x_wconf 84' lang='lat' dir='ltr'>societatis</span> <span class='ocrx_word' id='word_1_262' title='bbox 841 1887 958 1918; x_wconf 81' lang='lat' dir='ltr'>artium</span> <span class='ocrx_word' id='word_1_263' title='bbox 976 1886 1168 1925; x_wconf 77' lang='lat' dir='ltr'>Silesiacae,</span> <span class='ocrx_word' id='word_1_264' title='bbox 1192 1886 1410 1918; x_wconf 83' lang='lat' dir='ltr'>collectiones</span> <span class='ocrx_word' id='word_1_265' title='bbox 1436 1890 1722 1918; x_wconf 86' lang='lat' dir='ltr'>monumentorum</span> <span class='ocrx_word' id='word_1_266' title='bbox 1749 1885 1783 1917; x_wconf 88' lang='lat' dir='ltr'>in</span> <span class='ocrx_word' id='word_1_267' title='bbox 1798 1884 1936 1917; x_wconf 87' lang='lat' dir='ltr'>tumulis</span> 
     </span>
     <span class='ocr_line' id='line_1_28' title="bbox 171 1936 1934 1980; baseline -0.001 -11"><span class='ocrx_word' id='word_1_268' title='bbox 171 1936 523 1970; x_wconf 67' lang='lat' dir='ltr'>Simo-Germanicis</span> <span class='ocrx_word' id='word_1_269' title='bbox 555 1942 765 1980; x_wconf 85' lang='lat' dir='ltr'>repertorum</span> <span class='ocrx_word' id='word_1_270' title='bbox 799 1942 832 1969; x_wconf 91' lang='lat' dir='ltr'>et</span> <span class='ocrx_word' id='word_1_271' title='bbox 866 1937 1171 1969; x_wconf 84' lang='lat' dir='ltr'>ecclesiasticorum</span> <span class='ocrx_word' id='word_1_272' title='bbox 1207 1943 1239 1969; x_wconf 90' lang='lat' dir='ltr'>et</span> <span class='ocrx_word' id='word_1_273' title='bbox 1266 1947 1472 1969; x_wconf 88' lang='lat' dir='ltr'>nummorum</span> <span class='ocrx_word' id='word_1_274' title='bbox 1509 1936 1637 1968; x_wconf 80' lang='lat' dir='ltr'>mediae</span> <span class='ocrx_word' id='word_1_275' title='bbox 1670 1936 1934 1979; x_wconf 87' lang='lat' dir='ltr'>recentiorisque</span> 
     </span>
     <span class='ocr_line' id='line_1_29' title="bbox 169 1987 1934 2032; baseline -0.001 -12"><span class='ocrx_word' id='word_1_276' title='bbox 169 1989 287 2021; x_wconf 82' lang='lat' dir='ltr'>aetatis</span> <span class='ocrx_word' id='word_1_277' title='bbox 315 1999 388 2021; x_wconf 92' lang='lat' dir='ltr'>cum</span> <span class='ocrx_word' id='word_1_278' title='bbox 420 1987 678 2020; x_wconf 81' lang='lat' dir='ltr'>collectionibus</span> <span class='ocrx_word' id='word_1_279' title='bbox 707 1989 878 2021; x_wconf 86' lang='lat' dir='ltr'>societatis</span> <span class='ocrx_word' id='word_1_280' title='bbox 912 1989 1146 2032; x_wconf 82' lang='lat' dir='ltr'>antiquitatum</span> <span class='ocrx_word' id='word_1_281' title='bbox 1174 1989 1355 2020; x_wconf 84' lang='lat' dir='ltr'>Silesiacae</span> <span class='ocrx_word' id='word_1_282' title='bbox 1387 1989 1585 2020; x_wconf 86' lang='lat' dir='ltr'>coniunctae</span> <span class='ocrx_word' id='word_1_283' title='bbox 1615 1993 1702 2027; x_wconf 86' lang='lat' dir='ltr'>sunt,</span> <span class='ocrx_word' id='word_1_284' title='bbox 1732 1987 1775 2019; x_wconf 83' lang='lat' dir='ltr'>ad</span> <span class='ocrx_word' id='word_1_285' title='bbox 1806 1998 1934 2030; x_wconf 84' lang='lat' dir='ltr'>easque</span> 
     </span>
     <span class='ocr_line' id='line_1_30' title="bbox 169 2039 963 2083; baseline 0.001 -11"><span class='ocrx_word' id='word_1_286' title='bbox 169 2039 281 2072; x_wconf 83' lang='lat' dir='ltr'>aditus</span> <span class='ocrx_word' id='word_1_287' title='bbox 304 2041 400 2072; x_wconf 83' lang='lat' dir='ltr'>statis</span> <span class='ocrx_word' id='word_1_288' title='bbox 424 2039 517 2071; x_wconf 86' lang='lat' dir='ltr'>horis</span> <span class='ocrx_word' id='word_1_289' title='bbox 533 2050 572 2071; x_wconf 84' lang='lat' dir='ltr'>ac</span> <span class='ocrx_word' id='word_1_290' title='bbox 596 2039 716 2072; x_wconf 89' lang='lat' dir='ltr'>diebus</span> <span class='ocrx_word' id='word_1_291' title='bbox 740 2040 844 2083; x_wconf 84' lang='lat' dir='ltr'>gratis</span> <span class='ocrx_word' id='word_1_292' title='bbox 860 2044 963 2082; x_wconf 79' lang='lat' dir='ltr'>patet.</span> 
     </span>
    </p>
   </div>
   <div class='ocr_carea' id='block_1_7' title="bbox 168 2166 1932 2263">
    <p class='ocr_par' dir='ltr' id='par_1_10' title="bbox 168 2166 1932 2263">
     <span class='ocr_line' id='line_1_31' title="bbox 319 2166 1932 2210; baseline -0.001 -11"><span class='ocrx_word' id='word_1_293' title='bbox 319 2167 457 2200; x_wconf 87' lang='lat' dir='ltr'>Ordinis</span> <span class='ocrx_word' id='word_1_294' title='bbox 481 2173 598 2210; x_wconf 78' lang='lat' dir='ltr'>evang.</span> <span class='ocrx_word' id='word_1_295' title='bbox 615 2167 719 2201; x_wconf 90' lang='lat' dir='ltr'>theol.</span> <span class='ocrx_word' id='word_1_296' title='bbox 737 2167 1019 2200; x_wconf 89' lang='lat' dir='ltr'>commilitonibus</span> <span class='ocrx_word' id='word_1_297' title='bbox 1036 2167 1221 2200; x_wconf 89' lang='lat' dir='ltr'>secundum</span> <span class='ocrx_word' id='word_1_298' title='bbox 1245 2171 1370 2199; x_wconf 83' lang='lat' dir='ltr'>statuta</span> <span class='ocrx_word' id='word_1_299' title='bbox 1393 2167 1552 2210; x_wconf 87' lang='lat' dir='ltr'>stipendii</span> <span class='ocrx_word' id='word_1_300' title='bbox 1570 2167 1743 2200; x_wconf 85' lang='lat' dir='ltr'>Caussiani</span> <span class='ocrx_word' id='word_1_301' title='bbox 1760 2166 1932 2198; x_wconf 82' lang='lat' dir='ltr'>nuntiatur</span> 
     </span>
     <span class='ocr_line' id='line_1_32' title="bbox 168 2218 1929 2263; baseline -0.001 -12"><span class='ocrx_word' id='word_1_302' title='bbox 168 2219 321 2263; x_wconf 88' lang='lat' dir='ltr'>proximo</span> <span class='ocrx_word' id='word_1_303' title='bbox 345 2219 497 2251; x_wconf 86' lang='lat' dir='ltr'>semestri</span> <span class='ocrx_word' id='word_1_304' title='bbox 521 2218 661 2251; x_wconf 86' lang='lat' dir='ltr'>hiberno</span> <span class='ocrx_word' id='word_1_305' title='bbox 686 2223 829 2251; x_wconf 85' lang='lat' dir='ltr'>exeunte</span> <span class='ocrx_word' id='word_1_306' title='bbox 853 2220 1000 2262; x_wconf 82' lang='lat' dir='ltr'>praemia</span> <span class='ocrx_word' id='word_1_307' title='bbox 1023 2230 1064 2250; x_wconf 86' lang='lat' dir='ltr'>ex</span> <span class='ocrx_word' id='word_1_308' title='bbox 1087 2219 1153 2251; x_wconf 89' lang='lat' dir='ltr'>hoc</span> <span class='ocrx_word' id='word_1_309' title='bbox 1176 2218 1344 2261; x_wconf 89' lang='lat' dir='ltr'>stipendio</span> <span class='ocrx_word' id='word_1_310' title='bbox 1368 2219 1544 2260; x_wconf 83' lang='lat' dir='ltr'>proposita</span> <span class='ocrx_word' id='word_1_311' title='bbox 1567 2218 1712 2261; x_wconf 85' lang='lat' dir='ltr'>legitime</span> <span class='ocrx_word' id='word_1_312' title='bbox 1737 2218 1929 2260; x_wconf 83' lang='lat' dir='ltr'>petentibus</span> 
     </span>
    </p>
   </div>
   <div class='ocr_carea' id='block_1_8' title="bbox 163 2268 1930 2313">
    <p class='ocr_par' dir='ltr' id='par_1_11' title="bbox 163 2268 1930 2313">
     <span class='ocr_line' id='line_1_33' title="bbox 163 2268 1930 2313; baseline -0.001 -11"><span class='ocrx_word' id='word_1_313' title='bbox 163 2268 382 2303; x_wconf 50' lang='lat' dir='ltr'>‘distributum</span> <span class='ocrx_word' id='word_1_314' title='bbox 404 2270 454 2303; x_wconf 87' lang='lat' dir='ltr'>iri.</span> <span class='ocrx_word' id='word_1_315' title='bbox 499 2269 575 2310; x_wconf 85' lang='lat' dir='ltr'>Qua</span> <span class='ocrx_word' id='word_1_316' title='bbox 599 2270 641 2302; x_wconf 90' lang='lat' dir='ltr'>de</span> <span class='ocrx_word' id='word_1_317' title='bbox 663 2282 699 2302; x_wconf 88' lang='lat' dir='ltr'>re</span> <span class='ocrx_word' id='word_1_318' title='bbox 723 2281 785 2302; x_wconf 91' lang='lat' dir='ltr'>suo</span> <span class='ocrx_word' id='word_1_319' title='bbox 809 2274 959 2313; x_wconf 89' lang='lat' dir='ltr'>tempore</span> <span class='ocrx_word' id='word_1_320' title='bbox 983 2270 1067 2302; x_wconf 90' lang='lat' dir='ltr'>ordo</span> <span class='ocrx_word' id='word_1_321' title='bbox 1090 2269 1195 2302; x_wconf 90' lang='lat' dir='ltr'>theol.</span> <span class='ocrx_word' id='word_1_322' title='bbox 1220 2280 1336 2313; x_wconf 86' lang='lat' dir='ltr'>evang.</span> <span class='ocrx_word' id='word_1_323' title='bbox 1366 2269 1506 2301; x_wconf 84' lang='lat' dir='ltr'>maxime</span> <span class='ocrx_word' id='word_1_324' title='bbox 1534 2269 1740 2301; x_wconf 86' lang='lat' dir='ltr'>reverendus</span> <span class='ocrx_word' id='word_1_325' title='bbox 1769 2269 1930 2301; x_wconf 84' lang='lat' dir='ltr'>certiores</span> 
     </span>
    </p>
   </div>
   <div class='ocr_carea' id='block_1_9' title="bbox 168 2321 1088 2366">
    <p class='ocr_par' dir='ltr' id='par_1_12' title="bbox 168 2321 1088 2366">
     <span class='ocr_line' id='line_1_34' title="bbox 168 2321 1088 2366; baseline 0 -12"><span class='ocrx_word' id='word_1_326' title='bbox 168 2332 226 2354; x_wconf 88' lang='lat' dir='ltr'>eos</span> <span class='ocrx_word' id='word_1_327' title='bbox 249 2321 350 2354; x_wconf 87' lang='lat' dir='ltr'>faciet</span> <span class='ocrx_word' id='word_1_328' title='bbox 371 2322 492 2354; x_wconf 88' lang='lat' dir='ltr'>litteris</span> <span class='ocrx_word' id='word_1_329' title='bbox 516 2321 558 2354; x_wconf 84' lang='lat' dir='ltr'>ad</span> <span class='ocrx_word' id='word_1_330' title='bbox 583 2321 699 2354; x_wconf 83' lang='lat' dir='ltr'>valvas</span> <span class='ocrx_word' id='word_1_331' title='bbox 722 2322 877 2364; x_wconf 88' lang='lat' dir='ltr'>publicas</span> <span class='ocrx_word' id='word_1_332' title='bbox 902 2321 1088 2366; x_wconf 78' lang='lat' dir='ltr'>affigendis,</span> 
     </span>
    </p>
   </div>
   <div class='ocr_carea' id='block_1_10' title="bbox 787 2441 1310 2471">
    <p class='ocr_par' dir='ltr' id='par_1_13' title="bbox 787 2441 1310 2471">
     <span class='ocr_line' id='line_1_35' title="bbox 787 2441 1310 2471; baseline -0.01 1"><span class='ocrx_word' id='word_1_333' title='bbox 787 2441 1310 2471; x_wconf 37' lang='grc' dir='ltr'>Ἥκω-</span> 
     </span>
    </p>
   </div>
  </div>
 </body>
</html>
