2138 2748
864 314 885 317 -
900 314 928 317 -
941 270 986 317 15
1013 315 1031 317 s.

229 371 390 404 Consului
420 371 563 413 denique
592 372 693 404 etiam
722 372 839 404 Galeni
867 372 1049 405 editionem
1079 382 1098 404 a
1128 372 1249 405 Carolo
1279 373 1415 405 Gottlob
1443 373 1583 406 Kuehn
1607 373 1739 415 Lipsiae
1766 374 1846 406 1827
1868 378 1932 405 edit.
1945 378 2062 405 Kuehnii

77 423 235 461 curatam,
259 423 315 463 qui
337 433 444 463 pauca
466 423 500 455 in
523 423 753 456 Damocrateis
770 424 970 462 emendavit,
993 427 1026 456 et
1042 425 1337 457 Damocrateorum
1354 425 1536 457 editionem
1560 425 1853 466 Bussemakeri
1868 429 2060 458 Bussemnkeri

76 480 180 515 opera
200 474 399 514 confectam,
422 474 463 506 de
486 485 551 516 qua
574 485 675 516 supra
698 485 729 516 p.
753 475 773 506 8
797 475 875 507 dixi.

113 602 173 640 HL
228 602 290 639 De
319 602 1128 653 Galenilibrorun1neptdvtffldtmv
1156 605 1400 641 codhfibus
1429 605 1808 641 etedifionibus

227 687 344 770 Galertili
367 688 472 722 libros
494 688 565 730 περὶ
586 686 759 729 ἀντιδότων,
782 689 817 720 in
841 689 960 730 quibus
986 689 1100 721 insunt
1122 690 1331 722 Damoeratis
1362 691 1546 731 fragmenta
1575 690 1629 722 xll
1654 692 1686 722 et
1709 690 1789 728 xm,
1814 689 1847 721 hi
1867 694 1983 720 Codices

76 740 252 772 servarunt
268 745 314 771 'co
340 739 424 771 ices:

128 797 129 806 ¹
196 804 211 817 '-
228 798 258 839 1)
284 797 312 829 O
336 812 371 825 =
396 798 598 831 Havniensis
622 799 684 831 225
708 799 813 831 chart.
838 799 893 831 l'ol.
918 809 1004 831 saec.
1028 799 1108 838 XVI,
1133 800 1174 831 dc
1197 810 1262 841 quo
1286 810 1388 842 supra
1409 811 1441 842 p.
1467 802 1508 833 10
1529 811 1602 842 sqq.
1625 801 1704 834 dixi.
1869 807 1893 832 ο

225 866 258 908 2)
282 866 316 898 P
335 881 374 894 =
399 868 544 899 Venetus
567 867 755 900 Marcianus
778 868 835 900 281
868 868 1008 900 membr.
1036 868 1092 900 t'ol.
1117 869 1239 900 saeculi
1263 869 1319 901 XV
1348 870 1512 909 exeuntis,
1542 880 1608 910 quo
1631 869 1848 901 continentur
1867 874 1892 901 P

74 918 370 1010 1131.ss12225‘2136'
392 917 536 961 Γαληνοῦ
558 919 627 961 περὶ
650 917 813 951 ἀντιδότων
836 919 911 951 libri
936 919 1053 951 cadem
1069 929 1171 952 manu
1188 921 1315 962 scripti,
1339 931 1404 962 qua
1425 921 1595 962 posterior
1619 931 1697 962 pars
1721 920 1846 952 codicis

226 1030 257 1071 3)
282 1029 331 1061 Ex
355 1029 473 1062 eodem
497 1030 612 1062 codice
635 1030 737 1062 hodie
759 1030 945 1071 deperdito,
969 1040 1009 1062 ex
1033 1040 1097 1071 quo
1121 1029 1161 1069 P,
1185 1031 1407 1071 transcriptus
1436 1034 1488 1064 est
1511 1032 1615 1064 codex
1641 1031 1668 1069 Q
1691 1045 1731 1058 =
1755 1030 1849 1063 Pari·
1869 1034 1892 1067 Q

75 1080 168 1113 sinus
191 1081 277 1113 2164
300 1081 404 1113 chart.
423 1091 510 1113 saec.
526 1081 597 1113 XVI
620 1081 710 1123 (ante
728 1091 854 1114 annum
874 1082 954 1114 1525
970 1081 1150 1123 exaratus),
1173 1082 1228 1123 qui
1245 1082 1396 1114 continet
1412 1083 1468 1115 t‘ol.
1484 1082 1690 1115 218¹—2581
1704 1081 1848 1123 Γαληνοῦ

73 1131 328 1175 πιρῑάνειδότων
349 1132 470 1171 libros;
501 1133 589 1165 conf.
613 1133 654 1165 de
678 1133 742 1165 hoc
766 1133 880 1165 codice
903 1133 1085 1165 Henricum
1108 1133 1234 1166 Omont
1252 1132 1453 1165 ‘Inventaire
1473 1133 1639 1165 sommaire
1659 1133 1713 1165 dea
1733 1142 1848 1164 manu·

73 1182 166 1216 sorita
183 1192 272 1225 qreoe
293 1183 331 1215 de
351 1182 383 1215 la
404 1182 618 1224 Bahlwtheque
641 1183 824 1216 Natiaemale'
849 1185 875 1216 II
897 1194 930 1225 p.
946 1185 1008 1216 207
1033 1194 1082 1225 sq.
1127 1185 1248 1217 Paucis
1272 1185 1348 1224 illis,
1378 1185 1498 1226 quibus
1523 1184 1556 1216 P
1574 1195 1593 1218 a
1619 1184 1648 1224 Q
1669 1185 1848 1225 discrepat,

73 1234 156 1268 loeis
178 1234 280 1268 modo
297 1233 331 1266 P
349 1235 450 1267 modo
470 1234 498 1274 Q
519 1235 648 1267 fidelius
673 1235 818 1268 servavit
840 1236 921 1274 eius,
945 1246 986 1268 ex
1009 1246 1075 1277 quo
1098 1238 1237 1277 uterque
1255 1237 1479 1278 transcriptus
1495 1238 1556 1276 est,
1580 1236 1706 1268 codicis
1722 1245 1849 1267 memo-

73 1286 168 1319 riam.
214 1286 356 1318 Constat
371 1288 483 1318 autem
499 1287 605 1319 codex
624 1286 652 1326 Q
673 1287 837 1319 extribus
853 1287 1015 1328 partibus,
1037 1297 1121 1328 quae
1137 1297 1157 1319 a
1171 1287 1279 1320 tribus
1302 1288 1563 1320 amanuensibus
1587 1288 1732 1329 scriptae
1755 1289 1848 1319 sunt:

72 1337 98 1380 Ι)
121 1337 177 1370 fol.
201 1338 317 1377 3—90,
350 1338 389 1379 ΙΙ)
413 1338 468 1370 fol.
492 1338 651 1378 91—258,
685 1338 737 1380 ΙΙΙ)
762 1339 816 1370 fol.
841 1339 1012 1370 259-314
1040 1339 1087 1378 (in
1111 1339 1230 1380 quibus
1260 1339 1348 1370 foliis
1372 1339 1527 1379 leguntur
1549 1339 1666 1371 Galeni
1689 1338 1759 1380 περὶ
1781 1348 1848 1369 συν-

73 1387 194 1427 θέσεως
208 1387 382 1431 φαρμάκων
396 1388 456 1421 τῶν
471 1388 554 1421 κατὰ
568 1389 681 1428 τόπους
703 1390 788 1422 liber
804 1390 815 1421 I
833 1392 864 1421 et
881 1390 966 1421 liber
982 1390 1007 1421 II
1024 1390 1102 1427 soli3
1126 1390 1214 1421 conf.
1232 1400 1333 1430 supra
1355 1400 1386 1430 p.
1405 1390 1446 1429 7).
1483 1390 1591 1422 Media
1613 1390 1668 1422 illa
1683 1399 1762 1430 pars
1778 1388 1848 1429 (fol.

73 1439 244 1482 §lt—258),
268 1449 352 1482 quae
375 1440 492 1481 incipit
507 1450 526 1472 a
541 1441 637 1473 libris
659 1442 730 1483 περὶ
753 1443 836 1484 μυῶν
858 1439 1008 1483 κινήσεως
1031 1443 1063 1473 et
1080 1440 1148 1473 exit
1165 1440 1197 1472 in
1215 1440 1319 1472 libros
1335 1441 1406 1482 περὶ
1428 1440 1601 1483 ἀντιδότων,
1625 1451 1691 1473 una
1714 1440 1847 1472 eadem-

73 1501 137 1533 que
158 1501 261 1530 manu
283 1491 396 1533 (nobis
423 1490 484 1531 Q1)
509 1492 634 1533 scripta
656 1494 708 1524 est
730 1493 815 1530 tota;
839 1502 887 1531 ea,
911 1502 996 1533 quae
1015 1491 1063 1531 Q¹
1088 1492 1279 1532 scripserat,
1302 1492 1401 1532 paulo
1417 1495 1494 1533 post
1510 1492 1624 1524 multis
1647 1492 1729 1524 locis
1746 1491 1847 1523 modo

71 1539 159 1575 bene
180 1542 282 1575 modo
305 1552 482 1583 perperam
505 1543 650 1576 correxit
665 1543 771 1575 altera
785 1553 905 1575 manus
929 1543 974 1585 (Q
983 1543 1018 1585 ἵ),
1043 1553 1126 1584 quae
1150 1543 1296 1575 hominis
1313 1543 1452 1575 alicuius
1477 1543 1566 1576 docti
1590 1546 1641 1576 est
1664 1543 1847 1575 editionem

73 1592 255 1637 (Aldinam)
280 1593 434 1628 curaturi.
489 1594 662 1635 Pleraque,
696 1604 781 1636 quae
819 1593 870 1634 Q²
898 1594 1058 1634 correxit,
1097 1594 1309 1626 coniecturae
1343 1594 1522 1633 debentur,
1560 1595 1664 1627 multo
1688 1595 1848 1636 pauciora

74 1644 180 1678 codici
204 1645 314 1678 denuo
338 1645 501 1686 inspecto.

223 1704 274 1737 Ex
297 1704 370 1746 ipso
400 1704 491 1746 enim
520 1704 634 1737 codice
666 1703 693 1744 Q
721 1715 882 1746 expressa
905 1707 957 1737 est
980 1704 1082 1737 editio
1104 1704 1257 1736 Aldina
1279 1705 1360 1737 anni
1388 1706 1477 1737 1525.
1523 1705 1616 1744 Quae
1640 1716 1714 1737 cum
1736 1715 1844 1746 paene
1866 1708 1950 1734 editio
1968 1707 2068 1734 Aldina

77 1755 235 1789 omnibus
251 1755 346 1795 locis,
364 1755 422 1787 ubi
442 1755 493 1795 ρ’
515 1766 535 1788 a
554 1754 603 1794 Q¹
626 1756 805 1797 discrepat,
829 1766 904 1788 cum
924 1755 972 1794 Q’
995 1756 1195 1794 consentiat,
1218 1758 1356 1796 apparet
1371 1756 1527 1788 Aldinam
1551 1767 1591 1788 ex
1611 1756 1647 1796 Q,
1668 1758 1847 1798 postquam

73 1807 101 1840 is
119 1807 162 1840 ab
179 1807 318 1840 homine
338 1807 394 1839 illo
414 1807 523 1846 docto,
547 1807 699 1848 quisquis
718 1807 780 1840 fuit
798 1806 841 1849 (Q
850 1807 885 1848 ²),
909 1809 1079 1839 correctus
1103 1809 1164 1845 est,
1188 1806 1274 1847 typis
1298 1816 1373 1839 esse
1397 1807 1610 1848 descriptam.
1641 1807 1739 1846 Quod
1757 1807 1847 1839 enim

71 1858 187 1900 paucis
210 1858 294 1891 locis
314 1857 364 1898 Q*
380 1868 400 1893 a
419 1857 466 1897 Q¹
489 1858 685 1900 discrepans
701 1858 768 1891 alia
789 1859 929 1900 praebet
951 1861 1050 1899 atque
1066 1858 1198 1898 Aldina,
1222 1857 1256 1889 id
1272 1857 1318 1890 ita
1334 1858 1569 1899 explicandum
1592 1869 1667 1890 esse
1690 1859 1846 1897 arbitror,

72 1911 108 1943 ut
134 1909 277 1942 Aldinae
306 1909 532 1951 typographus
562 1910 757 1951 plerumque
787 1910 921 1951 quidem
951 1919 1047 1942 curas
1076 1908 1223 1941 hominis
1252 1909 1340 1941 illius
1371 1909 1460 1941 docti
1495 1908 1573 1951 (ρ’)
1596 1910 1671 1951 plus
1695 1910 1847 1942 minusve

17 1956 20 1959 ⁴
74 1961 186 1994 felices
209 1961 244 1993 in
267 1971 364 1993 suum
386 1971 485 1994 usum
507 1961 654 2000 verterit,
678 1971 932 2003 nonnumquam
955 1963 1068 1993 tamen
1091 1961 1141 1993 vel
1165 1971 1226 2002 per
1249 1971 1398 1993 errorem
1421 1961 1471 1993 vel
1496 1962 1666 2002 tamquam
1690 1961 1846 1994 secundis

22 2517 29 2555 l

22 2568 28 2609 i

22 2636 34 2748 ἰ

73 2012 161 2045 curis
184 2011 315 2045 doctior
337 2012 444 2045 factus
467 2022 487 2044 a
513 2011 563 2052 Q*
586 2013 772 2045 recesserit.
816 2012 979 2044 Adhibuit
1001 2014 1112 2044 autem
1136 2011 1277 2045 Aldinae
1300 2012 1526 2054 typographus
1541 2014 1674 2053 praeter
1697 2012 1847 2045 codicem

75 2061 104 2103 Q
124 2062 252 2105 aliquot
266 2058 350 2096 locis
368 2063 518 2096 codicem
537 2062 573 2102 O,
596 2066 775 2105 postquam
801 2063 850 2094 Ο1
873 2064 915 2096 ab
942 2063 991 2094 0²
1013 2066 1184 2095 correctus
1207 2066 1274 2101 est;
1299 2063 1409 2105 itaque
1424 2064 1468 2103 fit,
1493 2066 1528 2095 ut
1551 2063 1682 2102 Aldina,
1706 2063 1762 2096 ubi
1785 2074 1805 2095 a
1821 2063 1849 2102 Q

73 2113 250 2157 discrepat,
279 2125 411 2157 semper
433 2115 502 2147 fere
526 2124 601 2147 cum
627 2114 654 2146 O
677 2115 868 2148 consentiat
879 2115 913 2156 ¹).
957 2115 1026 2147 Iam
1054 2125 1133 2147 vero
1163 2117 1208 2154 ut,
1239 2125 1323 2156 quae
1353 2115 1438 2147 ratio
1466 2115 1552 2147 inter
1575 2114 1725 2147 codicem
1748 2113 1781 2146 B
1801 2115 1848 2156 (et

72 2166 223 2198 codicem
248 2165 286 2207 O)
311 2168 344 2198 et
366 2165 549 2199 editionem
571 2165 729 2199 Aldinam
753 2166 949 2205 intercedat,
973 2166 1149 2198 commode
1172 2166 1316 2207 perspici
1344 2166 1464 2207 possit,
1500 2166 1532 2197 in
1567 2166 1726 2198 editionis
1753 2175 1847 2198 meae

72 2220 235 2260 apparatu
267 2217 383 2250 critico
417 2217 558 2250 Aldinae
592 2218 754 2250 lectiones
789 2220 919 2250 tantum
953 2227 1022 2250 non
1058 2227 1177 2250 omnes
1217 2217 1366 2259 (omissis
1403 2219 1515 2250 tamen
1551 2217 1640 2249 vitiis
1675 2217 1846 2249 nonnullis

71 2268 269 2311 typographi
292 2271 325 2301 et
347 2269 497 2302 minutiis
521 2269 721 2310 quibusdam
745 2268 1028 2310 orthographicis)
1052 2270 1335 2306 commemorabo,
1360 2270 1523 2309 quotquot
1546 2278 1566 2300 a
1590 2267 1617 2307 Q
1640 2268 1847 2310 discrepant,

71 2319 128 2352 ubi
154 2319 204 2359 Q5¹
226 2330 246 2353 a
272 2319 320 2359 Q¹
344 2320 463 2359 differt,
486 2320 609 2353 Aldina
632 2321 801 2353 consentit
825 2331 899 2353 cum
926 2319 983 2359 Q’,
1007 2320 1072 2352 nisi
1097 2320 1301 2352 contrarium
1324 2319 1505 2351 adnotabo.

74 2515 98 2544 ο
218 2473 246 2544 3
271 2474 338 2500 Inde
362 2473 430 2500 illud
457 2473 649 2508 explicandum
673 2476 723 2503 est.
747 2474 821 2508 quod
847 2475 877 2501 fr.
898 2474 957 2500 xlll
981 2482 1076 2500 versus
1103 2474 1158 2500 170.
1180 2474 1225 2500 171
1247 2474 1346 2499 desunt
1366 2473 1392 2498 in
1413 2471 1472 2506 PQ.
1491 2473 1591 2499 adsunt
1610 2473 1638 2500 in
1656 2474 1754 2500 Aldina
1774 2477 1800 2500 et
1820 2474 1846 2500 in

115 2517 154 2552 (et
172 2517 200 2544 in
249 2516 288 2551 S).
