2138 2748
294 280 335 311 36

448 362 708 395 GUILELMUS
733 361 997 398 IUNKMANN,
1020 360 1079 392 Dr.
1101 360 1136 392 P.
1160 360 1196 392 P.
1221 359 1260 392 Ο.
1305 359 1474 391 Publice
1502 360 1527 393 Ι.
1574 361 1747 394 Seminarii
1772 363 1916 395 historici
1942 365 2060 395 exerci-

293 416 425 447 tationes
451 414 618 445 moderari
641 417 759 455 perget
782 413 813 444 d.
836 412 922 445 Ven.
946 412 979 444 h.
1001 413 1041 443 II.
1067 416 1100 443 et
1121 411 1178 443 III.
1212 411 1406 442 Privatim
1433 411 1474 443 ΙΙ.
1497 412 1673 445 Historiam
1693 415 1903 446 universalem
1924 415 1998 446 inde
2019 413 2058 446 ab

293 468 366 507 imp.
389 465 555 506 Rudolpho
577 466 603 496 Ι.
625 475 725 506 usque
747 465 789 496 ad
811 465 887 505 imp.
913 463 1060 495 Carolum
1088 463 1119 495 V.
1145 463 1312 494 enarrabit
1335 462 1366 493 d.
1390 463 1474 495 Lun.
1497 463 1595 496 Mart.
1617 465 1688 497 Iov.
1712 464 1744 497 h.
1768 465 1811 498 X.

445 515 680 548 MARTINUS
700 515 863 554 HERTZ,
883 515 939 546 Dr.
959 515 994 547 P.
1015 514 1050 546 P.
1073 513 1113 546 Ο.
1147 513 1318 544 Publice
1342 514 1365 545 I.
1394 513 1567 546 Seminarii
1583 515 1765 557 philoloyici
1785 518 2060 550 eoeercitationibus

294 568 439 610 praeerit
463 567 494 598 d.
517 567 621 598 Merc.
644 567 677 599 h.
702 567 733 598 X
758 571 791 598 et
814 566 872 599 XI.
916 565 1115 597 Privatim
1137 565 1178 597 II.
1216 566 1501 606 Encyclopaediam
1518 566 1710 607 philologiae
1733 578 1803 599 cum
1817 569 1961 601 doctrina
1983 570 2063 601 artis

294 619 541 650 hermeneuticae
574 623 602 650 et
635 620 762 650 criticae
795 622 824 649 et
856 628 926 649 cum
961 617 1190 657 biblioyraphia
1226 617 1337 647 critica
1373 618 1570 649 coniunctam
1605 618 1741 650 docebit
1780 619 1811 651 d.
1829 619 1928 651 ·Lun.
1962 620 2060 652 Mart.

293 671 364 703 Iov.
389 669 472 702 Ven.
497 669 529 702 h.
553 669 596 702 X.

451 720 693 753 AUGUSTUS
717 719 974 760 ROSSBACH,
1003 719 1061 750 Dr.
1084 718 1120 750 P.
1143 718 1179 750 P.
1204 717 1244 750 Ο.
1283 718 1456 750 Publice
1480 719 1504 752 I.
1550 719 1722 752 Seminarii
1737 721 1970 762 philoloyonan
1991 732 2063 754 con-

295 773 435 804 sessibus
470 773 614 814 praeerit
648 772 678 803 d.
709 772 791 803 Lun.
822 771 854 803 h.
879 770 911 801 V
938 775 971 801 et
994 770 1050 802 VI.
1100 770 1141 801 II.
1168 771 1420 802 Eaeercitationes
1450 772 1704 812 archaeoloyieas
1727 772 1879 804 instituet
1902 772 1934 805 d.
1957 773 2061 805 Merc.

295 824 328 855 h.
362 825 434 856 XII.
479 823 673 854 Privatim
706 823 763 854 III.
811 822 919 853 Artem
951 823 1110 853 metricam
1139 824 1308 862 poetarum
1341 823 1587 854 dramaticorum
1623 823 1817 856 Graecorum
1845 827 1874 856 et
1897 828 2063 866 poetar-um

294 877 479 907 Latinorum}
503 874 639 905 docebit
663 873 694 905 d.
721 873 804 905 Lun.
827 872 926 904 Mart.
952 873 1023 904 Iov.
1046 872 1130 904 Ven.
1152 872 1220 903 Sat.
1242 872 1276 904 h.
1298 872 1388 905 VIII.
1432 873 1491 906 IV.
1529 875 1704 907 Historiam
1727 877 1843 908 artium
1867 876 2063 908 Graecarum

294 926 476 958 illustrabit
499 925 530 957 d.
554 925 656 956 Merc.
680 925 713 957 h.
735 925 814 956 VIII
837 928 870 955 et
892 923 951 956 IX.
976 928 1008 955 et
1031 923 1063 955 d.
1088 923 1156 955 Sat.
1180 923 1213 956 h.
1236 923 1293 955 IX.

393 970 395 972 ¹
447 976 650 1008 IOANNES
678 974 988 1008 GODOFREDUS
1019 975 1176 1012 GALLE.
1211 976 1269 1008 Dr.
1298 976 1332 1008 P.
1356 976 1391 1008 P.
1417 976 1457 1009 O.
1512 977 1686 1009 Publice
1715 978 1739 1011 1.
1788 979 2063 1021 Interpolationem

297 1029 433 1060 docebit
457 1028 488 1060 d.
513 1027 582 1059 Sat.
609 1027 641 1058 h.
670 1027 728 1058 IX.
774 1027 970 1058 Privatim
999 1027 1040 1059 II.
1092 1027 1324 1068 Geoyraphiam
1357 1030 1608 1061 mathematicam
1640 1033 1669 1061 et
1701 1031 1974 1072 cosmographiam
2007 1041 2061 1062 ex-

296 1080 426 1111 hibebit
450 1079 481 1111 d.
504 1079 588 1111 Lun.
611 1078 709 1111 Mart.
731 1079 802 1111 Iov.
826 1078 910 1109 Ven.
935 1078 968 1110 h.
989 1078 1048 1110 IX.

449 1130 653 1162 OSCARUS
688 1129 903 1161 AEMILIUS
936 1129 1117 1167 MEYER,
1153 1130 1210 1162 Dr.
1240 1130 1276 1163 P.
1299 1130 1334 1163 P.
1359 1130 1399 1164 O.
1455 1131 1623 1163 Publice
1651 1133 1676 1165 Ι.
1717 1133 1889 1166 Seminarii
1916 1134 2062 1175 physico-

295 1183 505 1214 mathematici
532 1182 771 1213 emer-citationes
799 1181 965 1212 moderari
994 1186 1112 1224 perget
1140 1181 1243 1213 semel
1270 1192 1332 1224 per
1360 1182 1460 1215 hebd.
1511 1183 1709 1215 Privatim
1742 1185 1782 1217 II.
1820 1186 1976 1226 Physicen
2008 1196 2063 1217 ea:-

292 1234 528 1276 perimentalem
558 1233 693 1264 docebit
717 1233 868 1275 quotidie
896 1233 929 1264 h.
956 1232 999 1264 V.
1044 1233 1334 1264 Privatissime
1367 1235 1424 1266 III.
1470 1235 1508 1266 In
1537 1235 1728 1268 laboratorio
1761 1238 1894 1278 physico
1927 1247 2064 1279 operam

298 1286 426 1317 daturis
450 1284 559 1316 aderit
581 1295 648 1315 una
672 1295 746 1315 cum
770 1284 910 1326 collegis
933 1284 970 1316 L.
994 1284 1122 1315 Weber
1147 1290 1179 1316 et
1202 1284 1236 1316 F.
1260 1285 1440 1316 Auerbach
1464 1285 1495 1318 d.
1519 1286 1622 1319 Merc.
1647 1293 1680 1318 et
1702 1287 1771 1319 Sat.
1795 1288 1827 1319 h.
1851 1289 1951 1321 x—-L

448 1335 732 1367 THEODORUS
761 1335 951 1372 POLECK,
976 1335 1034 1367 Dr.
1057 1335 1093 1368 P.
1123 1335 1159 1368 P.
1192 1335 1232 1367 Ο.
1276 1336 1446 1368 Publice
1469 1338 1494 1370 I.
1548 1338 1740 1380 Colloquium
1769 1339 2065 1381 chemino-pharma-

298 1390 448 1421 ceuticum
470 1387 623 1419 instituet
646 1387 748 1418 semel
773 1398 802 1429 p.
827 1387 927 1419 hebd.
951 1387 983 1419 h.
1009 1386 1074 1420 def.
1118 1387 1319 1419 Privatim
1347 1389 1388 1420 ΙΙ.
1415 1389 1572 1421 Chemiam
1600 1392 1782 1430 oryanicam
1815 1393 1939 1423 ratione
1966 1391 2065 1432 phar-

297 1442 418 1472 maciae
437 1440 608 1480 praecipue
631 1439 737 1470 habita
760 1438 870 1470 tradet
893 1443 926 1469 et
949 1440 1168 1480 experimentis
1191 1439 1373 1471 illustrabit
1396 1441 1506 1471 sexies
1529 1452 1589 1483 per
1605 1441 1705 1474 hebd.
1722 1443 1754 1475 h.
1771 1443 1831 1475 IX.
1881 1443 1938 1476 III.
1965 1444 2066 1476 Phar-

297 1492 532 1532 macoynosiam
559 1489 670 1521 tradet
699 1489 730 1522 d.
754 1490 851 1521 Mart.
876 1495 909 1521 et
932 1489 1018 1520 Ven.
1041 1489 1099 1521 XI.
1145 1490 1204 1521 IV.
1251 1492 1299 1522 De
1321 1493 1474 1524 methodis
1498 1493 1664 1533 analyticis
1688 1495 1730 1526 ad
1751 1496 1944 1536 nutrimenti,
1965 1505 2068 1536 aquae

299 1547 327 1575 et
360 1544 445 1575 aeris
478 1542 614 1574 indolem
637 1542 905 1582 prescrutandam
935 1545 1011 1583 aget
1034 1541 1067 1573 d.
1104 1541 1186 1572 Lun.
1227 1547 1259 1573 et
1286 1543 1356 1574 Iov.
1390 1542 1422 1574 h.
1453 1543 1511 1575 XI.
1566 1545 1598 1576 V.
1638 1546 1675 1577 ln
1708 1546 1899 1578 laboratorio
1933 1547 2068 1578 instituti

295 1595 544 1635 pharmaceutici
569 1594 808 1625 emercitationes
831 1593 985 1624 chemicas
1003 1593 1178 1634 praecipue
1206 1594 1248 1625 ad
1271 1595 1505 1635 pharmaciam,
1534 1596 1685 1628 chemiam
1704 1597 1881 1638 forensem,
1908 1598 2068 1638 byyienem

294 1646 453 1686 publicam
475 1649 649 1685 spectantes
674 1644 901 1675 moderabitur
925 1644 1106 1686 quinquies
1131 1655 1191 1687 per
1213 1645 1314 1677 hebd.
1354 1646 1395 1677 ab
1419 1646 1452 1678 h.
1475 1646 1525 1678 IX
1550 1658 1657 1689 usque
1682 1647 1725 1679 ad
1748 1648 1781 1679 h.
1806 1648 1847 1681 V.

451 1695 734 1727 VLADISLAUS
758 1695 977 1732 NEHRING,
1009 1695 1067 1728 Dr.
1091 1695 1126 1728 P.
1150 1696 1186 1728 P.
1212 1696 1252 1729 O.
1301 1697 1477 1729 Publice
1506 1698 1530 1730 I.
1577 1699 1753 1731 Historiam
1780 1700 1957 1732 litterarum
1986 1702 2066 1733 anti-

300 1750 420 1790 quioris
439 1749 567 1789 periodi
589 1748 676 1788 apud
699 1747 811 1779 Slavos
835 1747 1018 1778 delineabit
1042 1747 1074 1779 d.
1099 1747 1168 1779 Sat.
1192 1747 1224 1780 h.
1249 1747 1322 1780 ΧΠ.
1367 1749 1564 1781 Privatim
1591 1750 1632 1782 II.
1678 1750 1834 1791 Syntaaein
1856 1752 1982 1793 linquae
2004 1753 2064 1784 Po-

301 1801 421 1831 lonicae
445 1799 582 1830 docebit
605 1799 635 1830 d.
660 1799 757 1830 Mart.
782 1799 885 1830 Merc.
909 1798 995 1829 Ven.
1019 1798 1051 1830 h.
1077 1798 1118 1830 V.
1164 1800 1220 1831 III.
1243 1801 1496 1833 Eaeereitationes
1521 1801 1835 1844 Statio-philologicos
1857 1803 2011 1835 instituet
2033 1802 2065 1835 d.

300 1851 384 1883 Lun.
408 1855 440 1882 et
462 1851 533 1883 Iov.
556 1850 589 1882 h.
613 1850 655 1882 V.

451 1901 686 1933 ANTONIUS
721 1901 993 1938 SCHNEIDER,
1026 1901 1084 1934 Dr.
1123 1902 1159 1934 P.
1199 1902 1235 1935 P.
1270 1902 1310 1935 Ο.
1354 1903 1549 1936 Privatim
1583 1905 1607 1936 I.
1670 1906 1851 1946 Zooloyiam
1884 1907 2068 1938 animalium

300 1954 545 1986 vertebratorum
569 1953 703 1984 docebit
727 1953 758 1985 d.
781 1953 864 1985 Lun.
887 1953 984 1985 Mart.
1008 1955 1078 1985 Iov.
1104 1953 1187 1986 Ven.
1212 1954 1244 1987 h.
1260 1954 1303 1987 X.
1347 1955 1635 1988 Privatissime
1664 1962 1702 1988 et
1731 1957 1859 1999 gratis
1883 1957 1922 1989 11.
1970 1958 2069 1990 Collo-

301 2007 376 2047 quia
398 2006 560 2046 zooloyica
581 2005 720 2036 habebit
743 2004 774 2036 d.
798 2005 881 2037 Lun.
904 2005 936 2036 h.
961 2005 1009 2036 VI
1033 2011 1065 2036 et
1089 2005 1161 2038 VII.

455 2065 714 2097 GUILELMUS
749 2065 1053 2110 STQDEMUND,
1087 2065 1144 2099 Dr.
1174 2066 1210 2098 P.
1239 2066 1274 2099 P.
1305 2066 1344 2098 O.
1400 2067 1572 2099 Publice
1602 2069 1626 2100 I.
1683 2069 1857 2101 Seminarii
1884 2070 2069 2111 philologici

303 2119 541 2150 emercitationes
571 2117 769 2159 (propositis
799 2118 1020 2159 scriptoribus
1050 2117 1091 2148 de
1120 2129 1156 2149 re
1185 2119 1321 2150 metrica
1345 2119 1499 2159 Graecis)
1527 2124 1556 2152 et
1583 2121 1812 2161 disputationes
1841 2120 2092 2166 moderabitur·

304 2169 335 2200 d.
370 2169 439 2201 Sat.
473 2169 505 2200 h.
540 2169 652 2201 X—I.
711 2168 906 2200 Privatim
939 2170 979 2200 II.
1039 2170 1213 2201 Historiam
1251 2171 1376 2211 linquae
1412 2171 1553 2202 Graecae
1586 2171 1754 2203 enarrabit
1787 2171 1819 2203 d.
1853 2172 1936 2205 Lun.
1970 2172 2069 2205 Mart.

303 2222 373 2252 Iov.
397 2220 482 2252 Ven.
506 2221 538 2252 h.
562 2221 619 2252 XI.
664 2221 721 2252 ΙΙΙ.
755 2221 916 2261 Propertii
938 2221 1053 2261 eleyias
1075 2220 1349 2263 interpretabitur
1382 2222 1414 2253 d.
1444 2222 1525 2254 Lun.
1549 2222 1647 2254 Mart.
1670 2224 1740 2255 Iov.
1765 2223 1850 2256 Ven.
1873 2223 1908 2255 h.
1929 2223 2004 2256 XII.

455 2281 703 2313 EDUARDUS
726 2281 927 2318 MAGNUS,
950 2281 1008 2313 Dr.
1030 2281 1066 2313 P.
1088 2281 1124 2313 P.
1147 2281 1187 2313 Ο.
1238 2282 1440 2314 Valetudine
1461 2283 1642 2325 impeditus
1665 2283 1802 2315 scholas
1827 2295 1895 2316 non
1923 2283 2071 2316 habebit.

457 2341 782 2373 FERDINANDUS
818 2340 960 2378 COHN,
990 2340 1048 2373 Dr.
1078 2341 1114 2374 P.
1142 2341 1179 2374 P.
1210 2342 1250 2374 Ο.
1306 2342 1478 2375 Publice
1510 2343 1534 2375 I.
1583 2344 1777 2386 Colloquium
1805 2345 1983 2377 botanicum
2004 2355 2071 2376 una

306 2403 379 2423 cum
402 2392 455 2424 Fr.
480 2393 638 2424 Schwarz
661 2398 756 2435 reget
779 2392 810 2424 d.
834 2392 904 2424 Iov.
928 2392 961 2424 h.
985 2392 1041 2424 VI.
1086 2393 1283 2425 Privatim
1306 2394 1346 2426 11.
1376 2395 1552 2427 Historiam
1567 2396 1752 2436 plantarum
1767 2397 2071 2438 cryptoyamicarnm

307 2450 454 2485 exponet
470 2450 589 2486 quater
605 2455 665 2486 per
681 2444 781 2476 hebd.
806 2444 838 2474 h.
855 2443 920 2476 def.
965 2444 1021 2476 III.
1069 2445 1203 2476 Cursum
1225 2447 1483 2487 microscopicum
1502 2447 1746 2488 pbytotomicum
1768 2447 1889 2490 diriget
1912 2447 1944 2480 d.
1967 2447 2071 2479 Merc.

307 2502 340 2526 et
353 2495 421 2527 Sat.
434 2495 467 2528 l1.
485 2497 517 2527 II
540 2501 572 2527 et
591 2497 646 2528 ΙΙΙ.
691 2495 978 2527 Privatissime
1001 2496 1059 2527 IV.
1104 2497 1142 2527 In
1165 2498 1305 2528 instituto
1323 2498 1633 2539 phytophysioloyico
1657 2510 1793 2542 operam
1810 2498 1939 2531 daturis
1955 2499 2071 2532 aderit.
