<?xml version="1.0" encoding="UTF-8"?>
<!DOCTYPE html PUBLIC "-//W3C//DTD XHTML 1.0 Transitional//EN"
    "http://www.w3.org/TR/xhtml1/DTD/xhtml1-transitional.dtd">
<html xmlns="http://www.w3.org/1999/xhtml" xml:lang="en" lang="en">
 <head>
  <title>
</title>
<meta http-equiv="Content-Type" content="text/html;charset=utf-8" />
  <meta name='ocr-system' content='tesseract 3.04.00' />
  <meta name='ocr-capabilities' content='ocr_page ocr_carea ocr_par ocr_line ocrx_word'/>
</head>
<body>
  <div class='ocr_page' id='page_1' title='image "./ueberdieentstehu00benfuoft_0439.png"; bbox 0 0 2138 2748; ppageno 0'>
   <div class='ocr_carea' id='block_1_1' title="bbox 0 790 13 1383">
    <p class='ocr_par' dir='ltr' id='par_1_1' title="bbox 0 790 13 1383">
     <span class='ocr_line' id='line_1_1' title="bbox 0 790 13 1383; textangle 90"><span class='ocrx_word' id='word_1_1' title='bbox 0 1260 12 1383; x_wconf 50' lang='grc' dir='ltr'>μνον-«νη</span> <span class='ocrx_word' id='word_1_2' title='bbox 0 790 13 1253; x_wconf 38' lang='lat' dir='ltr'>,ww—W„</span> 
     </span>
    </p>
   </div>
   <div class='ocr_carea' id='block_1_2' title="bbox 0 1549 32 2748">
    <p class='ocr_par' dir='ltr' id='par_1_2' title="bbox 0 1549 32 2748">
     <span class='ocr_line' id='line_1_2' title="bbox 0 1549 32 2748; baseline 0 0"><span class='ocrx_word' id='word_1_3' title='bbox 0 1549 32 2748; x_wconf 95' lang='lat' dir='ltr'> </span> 
     </span>
    </p>
   </div>
   <div class='ocr_carea' id='block_1_3' title="bbox 973 281 992 314">
    <p class='ocr_par' dir='ltr' id='par_1_3' title="bbox 973 281 992 314">
     <span class='ocr_line' id='line_1_3' title="bbox 973 281 992 314; baseline 0 0"><span class='ocrx_word' id='word_1_4' title='bbox 973 281 992 314; x_wconf 87' lang='lat'>5</span> 
     </span>
    </p>
   </div>
   <div class='ocr_carea' id='block_1_4' title="bbox 882 324 1083 330">
    <p class='ocr_par' dir='ltr' id='par_1_4' title="bbox 882 324 1083 330">
     <span class='ocr_line' id='line_1_4' title="bbox 882 324 1083 330; baseline 0 0"><span class='ocrx_word' id='word_1_5' title='bbox 882 324 1083 330; x_wconf 95' lang='lat' dir='ltr'> </span> 
     </span>
    </p>
   </div>
   <div class='ocr_carea' id='block_1_5' title="bbox 88 382 1866 1399">
    <p class='ocr_par' dir='ltr' id='par_1_5' title="bbox 88 382 1866 1399">
     <span class='ocr_line' id='line_1_5' title="bbox 93 382 1866 427; baseline -0.002 -9"><span class='ocrx_word' id='word_1_6' title='bbox 93 384 162 418; x_wconf 88' lang='lat' dir='ltr'>des.</span> <span class='ocrx_word' id='word_1_7' title='bbox 186 384 242 417; x_wconf 86' lang='lat' dir='ltr'>fol.</span> <span class='ocrx_word' id='word_1_8' title='bbox 266 384 339 417; x_wconf 72' lang='lat'>64¹:</span> <span class='ocrx_word' id='word_1_9' title='bbox 373 384 460 423; x_wconf 85' lang='grc' dir='ltr'>τέλος</span> <span class='ocrx_word' id='word_1_10' title='bbox 486 383 625 427; x_wconf 84' lang='grc' dir='ltr'>γαληνοῦ</span> <span class='ocrx_word' id='word_1_11' title='bbox 655 384 830 427; x_wconf 78' lang='grc' dir='ltr'><strong>εἰσαγωγῆς</strong></span> <span class='ocrx_word' id='word_1_12' title='bbox 855 383 959 426; x_wconf 79' lang='grc' dir='ltr'>ἰατρὸς</span> <span class='ocrx_word' id='word_1_13' title='bbox 985 382 1195 426; x_wconf 72' lang='grc' dir='ltr'>λεγομένης.);</span> <span class='ocrx_word' id='word_1_14' title='bbox 1228 383 1282 425; x_wconf 92' lang='lat' dir='ltr'>IV)</span> <span class='ocrx_word' id='word_1_15' title='bbox 1307 384 1361 415; x_wconf 83' lang='lat' dir='ltr'>i&#39;ol.</span> <span class='ocrx_word' id='word_1_16' title='bbox 1385 384 1459 416; x_wconf 75' lang='lat'>64=2</span> <span class='ocrx_word' id='word_1_17' title='bbox 1492 382 1635 425; x_wconf 88' lang='grc' dir='ltr'>Γαληνοῡ</span> <span class='ocrx_word' id='word_1_18' title='bbox 1664 383 1706 422; x_wconf 80' lang='grc' dir='ltr'>είς</span> <span class='ocrx_word' id='word_1_19' title='bbox 1733 383 1768 415; x_wconf 74' lang='grc' dir='ltr'>τὸ</span> <span class='ocrx_word' id='word_1_20' title='bbox 1795 384 1866 425; x_wconf 73' lang='grc' dir='ltr'>περὶ</span> 
     </span>
     <span class='ocr_line' id='line_1_6' title="bbox 91 432 1866 478; baseline -0.001 -10"><span class='ocrx_word' id='word_1_21' title='bbox 91 435 200 478; x_wconf 80' lang='grc' dir='ltr'><strong>χυμῶν</strong></span> <span class='ocrx_word' id='word_1_22' title='bbox 218 434 427 477; x_wconf 82' lang='grc' dir='ltr'>ῑπποκράτους</span> <span class='ocrx_word' id='word_1_23' title='bbox 444 432 466 477; x_wconf 81' lang='grc' dir='ltr'>ἤ</span> <span class='ocrx_word' id='word_1_24' title='bbox 482 436 552 477; x_wconf 84' lang='grc' dir='ltr'>περὶ</span> <span class='ocrx_word' id='word_1_25' title='bbox 568 437 678 478; x_wconf 81' lang='grc' dir='ltr'>χυμῶν</span> <span class='ocrx_word' id='word_1_26' title='bbox 695 435 918 477; x_wconf 81' lang='lat' dir='ltr'><strong>(abrumpitur</strong></span> <span class='ocrx_word' id='word_1_27' title='bbox 934 435 990 467; x_wconf 81' lang='lat' dir='ltr'>fol.</span> <span class='ocrx_word' id='word_1_28' title='bbox 1008 435 1067 467; x_wconf 70' lang='lat'>67¹</span> <span class='ocrx_word' id='word_1_29' title='bbox 1089 437 1167 475; x_wconf 86' lang='lat' dir='ltr'>post</span> <span class='ocrx_word' id='word_1_30' title='bbox 1189 435 1271 467; x_wconf 89' lang='lat' dir='ltr'>haec</span> <span class='ocrx_word' id='word_1_31' title='bbox 1290 435 1407 467; x_wconf 86' lang='lat' dir='ltr'>verba:</span> <span class='ocrx_word' id='word_1_32' title='bbox 1430 433 1486 476; x_wconf 77' lang='grc' dir='ltr'>τήν</span> <span class='ocrx_word' id='word_1_33' title='bbox 1509 434 1616 476; x_wconf 68' lang='grc' dir='ltr'>ἐντελῆ</span> <span class='ocrx_word' id='word_1_34' title='bbox 1640 434 1790 476; x_wconf 76' lang='grc' dir='ltr'>διάκρισιν</span> <span class='ocrx_word' id='word_1_35' title='bbox 1810 436 1866 475; x_wconf 81' lang='grc' dir='ltr'>τῆς</span> 
     </span>
     <span class='ocr_line' id='line_1_7' title="bbox 92 484 1865 528; baseline -0.001 -9"><span class='ocrx_word' id='word_1_36' title='bbox 92 485 256 525; x_wconf 76' lang='grc' dir='ltr'>ἀσθενείας</span> <span class='ocrx_word' id='word_1_37' title='bbox 278 485 437 528; x_wconf 73' lang='grc' dir='ltr'>ἀνέθεντο,</span> <span class='ocrx_word' id='word_1_38' title='bbox 461 487 494 518; x_wconf 94' lang='lat' dir='ltr'>id</span> <span class='ocrx_word' id='word_1_39' title='bbox 518 489 569 519; x_wconf 88' lang='lat' dir='ltr'>est</span> <span class='ocrx_word' id='word_1_40' title='bbox 591 487 655 519; x_wconf 90' lang='lat' dir='ltr'>vol.</span> <span class='ocrx_word' id='word_1_41' title='bbox 678 487 752 519; x_wconf 87' lang='lat' dir='ltr'>XIX</span> <span class='ocrx_word' id='word_1_42' title='bbox 773 497 805 528; x_wconf 92' lang='lat' dir='ltr'>p.</span> <span class='ocrx_word' id='word_1_43' title='bbox 821 486 990 518; x_wconf 75' lang='lat'>485-496</span> <span class='ocrx_word' id='word_1_44' title='bbox 1014 486 1064 518; x_wconf 89' lang='lat' dir='ltr'>ed.</span> <span class='ocrx_word' id='word_1_45' title='bbox 1080 486 1214 523; x_wconf 76' lang='lat' dir='ltr'>Kuehm</span> <span class='ocrx_word' id='word_1_46' title='bbox 1238 486 1272 518; x_wconf 92' lang='lat' dir='ltr'>in</span> <span class='ocrx_word' id='word_1_47' title='bbox 1295 486 1446 526; x_wconf 78' lang='lat' dir='ltr'><strong>margine</strong></span> <span class='ocrx_word' id='word_1_48' title='bbox 1462 486 1623 527; x_wconf 87' lang='lat' dir='ltr'>scriptum</span> <span class='ocrx_word' id='word_1_49' title='bbox 1647 488 1699 518; x_wconf 88' lang='lat' dir='ltr'>est</span> <span class='ocrx_word' id='word_1_50' title='bbox 1720 484 1865 527; x_wconf 80' lang='grc' dir='ltr'>ζήτ(ιι));</span> 
     </span>
     <span class='ocr_line' id='line_1_8' title="bbox 91 535 1865 580; baseline -0.001 -10"><span class='ocrx_word' id='word_1_51' title='bbox 91 538 132 580; x_wconf 94' lang='lat' dir='ltr'>V)</span> <span class='ocrx_word' id='word_1_52' title='bbox 160 537 217 570; x_wconf 79' lang='lat' dir='ltr'>fol.</span> <span class='ocrx_word' id='word_1_53' title='bbox 244 538 318 570; x_wconf 63' lang='lat'>691:</span> <span class='ocrx_word' id='word_1_54' title='bbox 346 537 489 580; x_wconf 88' lang='grc' dir='ltr'>Γαληνοῦ</span> <span class='ocrx_word' id='word_1_55' title='bbox 515 538 586 579; x_wconf 82' lang='grc' dir='ltr'>περὶ</span> <span class='ocrx_word' id='word_1_56' title='bbox 613 535 756 580; x_wconf 81' lang='grc' dir='ltr'>κράσεως</span> <span class='ocrx_word' id='word_1_57' title='bbox 783 537 833 579; x_wconf 90' lang='lat' dir='ltr'>[in</span> <span class='ocrx_word' id='word_1_58' title='bbox 861 537 1105 579; x_wconf 82' lang='lat' dir='ltr'>posterioribus</span> <span class='ocrx_word' id='word_1_59' title='bbox 1135 538 1255 569; x_wconf 84' lang='lat' dir='ltr'>horum</span> <span class='ocrx_word' id='word_1_60' title='bbox 1285 537 1461 569; x_wconf 86' lang='lat' dir='ltr'>librorum:</span> <span class='ocrx_word' id='word_1_61' title='bbox 1495 538 1566 579; x_wconf 82' lang='grc' dir='ltr'>περὶ</span> <span class='ocrx_word' id='word_1_62' title='bbox 1598 536 1771 580; x_wconf 83' lang='grc' dir='ltr'>δυνάμεως]</span> <span class='ocrx_word' id='word_1_63' title='bbox 1804 537 1865 569; x_wconf 88' lang='grc' dir='ltr'>τῶν</span> 
     </span>
     <span class='ocr_line' id='line_1_9' title="bbox 91 584 1865 632; baseline -0.001 -11"><span class='ocrx_word' id='word_1_64' title='bbox 91 587 198 622; x_wconf 85' lang='grc' dir='ltr'>ἁπλῶν</span> <span class='ocrx_word' id='word_1_65' title='bbox 220 588 396 632; x_wconf 77' lang='grc' dir='ltr'>φαρμάκων</span> <span class='ocrx_word' id='word_1_66' title='bbox 418 589 493 622; x_wconf 86' lang='lat' dir='ltr'>libri</span> <span class='ocrx_word' id='word_1_67' title='bbox 517 589 616 627; x_wconf 85' lang='lat' dir='ltr'>1—V;</span> <span class='ocrx_word' id='word_1_68' title='bbox 638 589 691 631; x_wconf 90' lang='lat' dir='ltr'>VI)</span> <span class='ocrx_word' id='word_1_69' title='bbox 715 589 772 622; x_wconf 78' lang='lat' dir='ltr'>fol.</span> <span class='ocrx_word' id='word_1_70' title='bbox 798 589 888 622; x_wconf 73' lang='lat'><strong>167¹:</strong></span> <span class='ocrx_word' id='word_1_71' title='bbox 919 587 1052 631; x_wconf 82' lang='grc' dir='ltr'>βίβλος</span> <span class='ocrx_word' id='word_1_72' title='bbox 1078 587 1256 630; x_wconf 85' lang='grc' dir='ltr'>Γαληνοῦ</span> <span class='ocrx_word' id='word_1_73' title='bbox 1278 584 1299 629; x_wconf 77' lang='grc' dir='ltr'><em>ἡ</em></span> <span class='ocrx_word' id='word_1_74' title='bbox 1323 588 1422 620; x_wconf 82' lang='grc' dir='ltr'>κατὰ</span> <span class='ocrx_word' id='word_1_75' title='bbox 1450 587 1591 627; x_wconf 84' lang='grc' dir='ltr'>τόπους</span> <span class='ocrx_word' id='word_1_76' title='bbox 1618 588 1865 631; x_wconf 85' lang='grc' dir='ltr'>πραγματεία</span> 
     </span>
     <span class='ocr_line' id='line_1_10' title="bbox 92 638 1865 683; baseline -0.001 -10"><span class='ocrx_word' id='word_1_77' title='bbox 92 641 207 674; x_wconf 87' lang='lat' dir='ltr'>decem</span> <span class='ocrx_word' id='word_1_78' title='bbox 224 640 306 682; x_wconf 91' lang='lat' dir='ltr'>(non</span> <span class='ocrx_word' id='word_1_79' title='bbox 323 640 412 682; x_wconf 88' lang='lat' dir='ltr'>octo)</span> <span class='ocrx_word' id='word_1_80' title='bbox 428 640 534 672; x_wconf 89' lang='lat' dir='ltr'>libros</span> <span class='ocrx_word' id='word_1_81' title='bbox 551 640 777 681; x_wconf 83' lang='lat' dir='ltr'>complectens</span> <span class='ocrx_word' id='word_1_82' title='bbox 794 639 924 683; x_wconf 82' lang='grc' dir='ltr'>(βιβλίον</span> <span class='ocrx_word' id='word_1_83' title='bbox 935 638 963 671; x_wconf 87' lang='grc' dir='ltr'>α’</span> <span class='ocrx_word' id='word_1_84' title='bbox 976 649 1082 680; x_wconf 89' lang='lat' dir='ltr'>usque</span> <span class='ocrx_word' id='word_1_85' title='bbox 1094 639 1138 671; x_wconf 91' lang='lat' dir='ltr'>ad</span> <span class='ocrx_word' id='word_1_86' title='bbox 1149 638 1190 680; x_wconf 79' lang='grc' dir='ltr'>ι’),</span> <span class='ocrx_word' id='word_1_87' title='bbox 1204 639 1237 671; x_wconf 92' lang='lat' dir='ltr'>id</span> <span class='ocrx_word' id='word_1_88' title='bbox 1253 641 1304 671; x_wconf 91' lang='lat' dir='ltr'>est</span> <span class='ocrx_word' id='word_1_89' title='bbox 1317 639 1434 671; x_wconf 89' lang='lat' dir='ltr'>Galeni</span> <span class='ocrx_word' id='word_1_90' title='bbox 1448 640 1489 671; x_wconf 89' lang='lat' dir='ltr'>de</span> <span class='ocrx_word' id='word_1_91' title='bbox 1502 640 1748 681; x_wconf 82' lang='lat' dir='ltr'>compositione</span> <span class='ocrx_word' id='word_1_92' title='bbox 1761 639 1865 671; x_wconf 87' lang='lat' dir='ltr'>medi-</span> 
     </span>
     <span class='ocr_line' id='line_1_11' title="bbox 91 690 1864 733; baseline -0.001 -9"><span class='ocrx_word' id='word_1_93' title='bbox 91 694 322 724; x_wconf 84' lang='lat' dir='ltr'>camentorum</span> <span class='ocrx_word' id='word_1_94' title='bbox 346 691 530 724; x_wconf 83' lang='lat' dir='ltr'>secundum</span> <span class='ocrx_word' id='word_1_95' title='bbox 553 691 627 723; x_wconf 85' lang='lat' dir='ltr'>loca</span> <span class='ocrx_word' id='word_1_96' title='bbox 650 691 726 724; x_wconf 86' lang='lat' dir='ltr'>libri</span> <span class='ocrx_word' id='word_1_97' title='bbox 748 691 778 724; x_wconf 91' lang='lat' dir='ltr'>X</span> <span class='ocrx_word' id='word_1_98' title='bbox 800 690 901 733; x_wconf 88' lang='lat' dir='ltr'>[liber</span> <span class='ocrx_word' id='word_1_99' title='bbox 923 691 1060 732; x_wconf 90' lang='lat' dir='ltr'>quintus</span> <span class='ocrx_word' id='word_1_100' title='bbox 1082 700 1151 722; x_wconf 91' lang='lat' dir='ltr'>non</span> <span class='ocrx_word' id='word_1_101' title='bbox 1173 700 1279 732; x_wconf 83' lang='lat' dir='ltr'>usque</span> <span class='ocrx_word' id='word_1_102' title='bbox 1302 691 1346 723; x_wconf 87' lang='lat' dir='ltr'>ad</span> <span class='ocrx_word' id='word_1_103' title='bbox 1369 691 1468 722; x_wconf 83' lang='lat' dir='ltr'>finem</span> <span class='ocrx_word' id='word_1_104' title='bbox 1491 692 1696 732; x_wconf 87' lang='lat' dir='ltr'>perscriptus</span> <span class='ocrx_word' id='word_1_105' title='bbox 1720 693 1782 728; x_wconf 74' lang='lat' dir='ltr'>est,</span> <span class='ocrx_word' id='word_1_106' title='bbox 1805 690 1864 722; x_wconf 90' lang='lat' dir='ltr'>sed</span> 
     </span>
     <span class='ocr_line' id='line_1_12' title="bbox 91 741 1864 785; baseline -0.001 -10"><span class='ocrx_word' id='word_1_107' title='bbox 91 743 160 776; x_wconf 81' lang='lat' dir='ltr'>exit</span> <span class='ocrx_word' id='word_1_108' title='bbox 183 743 218 775; x_wconf 91' lang='lat' dir='ltr'>in</span> <span class='ocrx_word' id='word_1_109' title='bbox 241 743 324 775; x_wconf 87' lang='lat' dir='ltr'>haec</span> <span class='ocrx_word' id='word_1_110' title='bbox 346 743 466 775; x_wconf 83' lang='lat' dir='ltr'>verba:</span> <span class='ocrx_word' id='word_1_111' title='bbox 489 741 637 784; x_wconf 83' lang='grc' dir='ltr'>στύφουσι</span> <span class='ocrx_word' id='word_1_112' title='bbox 661 741 813 785; x_wconf 74' lang='grc' dir='ltr'>βοήθειαν</span> <span class='ocrx_word' id='word_1_113' title='bbox 835 742 969 784; x_wconf 67' lang='grc' dir='ltr'>ἔχοντες,</span> <span class='ocrx_word' id='word_1_114' title='bbox 993 752 1077 783; x_wconf 90' lang='lat' dir='ltr'>quae</span> <span class='ocrx_word' id='word_1_115' title='bbox 1101 742 1136 774; x_wconf 90' lang='lat' dir='ltr'>in</span> <span class='ocrx_word' id='word_1_116' title='bbox 1160 742 1308 774; x_wconf 78' lang='lat' dir='ltr'>editione</span> <span class='ocrx_word' id='word_1_117' title='bbox 1331 742 1530 774; x_wconf 87' lang='lat' dir='ltr'>Kuehniana</span> <span class='ocrx_word' id='word_1_118' title='bbox 1552 742 1706 783; x_wconf 84' lang='lat' dir='ltr'>leguntur</span> <span class='ocrx_word' id='word_1_119' title='bbox 1728 742 1792 774; x_wconf 92' lang='lat' dir='ltr'>vol.</span> <span class='ocrx_word' id='word_1_120' title='bbox 1808 741 1864 774; x_wconf 81' lang='grc' dir='ltr'>ΧΗ</span> 
     </span>
     <span class='ocr_line' id='line_1_13' title="bbox 89 793 1865 836; baseline -0.001 -10"><span class='ocrx_word' id='word_1_121' title='bbox 89 804 122 835; x_wconf 90' lang='lat' dir='ltr'>p.</span> <span class='ocrx_word' id='word_1_122' title='bbox 137 793 275 836; x_wconf 69' lang='lat'><strong>871‚,7];</strong></span> <span class='ocrx_word' id='word_1_123' title='bbox 298 794 366 835; x_wconf 92' lang='lat' dir='ltr'>VII)</span> <span class='ocrx_word' id='word_1_124' title='bbox 390 794 446 826; x_wconf 77' lang='lat' dir='ltr'>fol.</span> <span class='ocrx_word' id='word_1_125' title='bbox 463 794 558 826; x_wconf 73' lang='lat' dir='ltr'>297r:</span> <span class='ocrx_word' id='word_1_126' title='bbox 582 794 698 827; x_wconf 89' lang='lat' dir='ltr'>Galeni</span> <span class='ocrx_word' id='word_1_127' title='bbox 717 794 758 826; x_wconf 89' lang='lat' dir='ltr'>de</span> <span class='ocrx_word' id='word_1_128' title='bbox 778 793 918 835; x_wconf 86' lang='lat' dir='ltr'>simplic.</span> <span class='ocrx_word' id='word_1_129' title='bbox 936 793 1110 826; x_wconf 86' lang='lat' dir='ltr'>medicam.</span> <span class='ocrx_word' id='word_1_130' title='bbox 1130 793 1404 834; x_wconf 80' lang='lat' dir='ltr'>temperamentis</span> <span class='ocrx_word' id='word_1_131' title='bbox 1423 803 1461 825; x_wconf 90' lang='lat' dir='ltr'>ac</span> <span class='ocrx_word' id='word_1_132' title='bbox 1480 793 1590 825; x_wconf 80' lang='lat' dir='ltr'>facult.</span> <span class='ocrx_word' id='word_1_133' title='bbox 1608 793 1692 825; x_wconf 86' lang='lat' dir='ltr'>liber</span> <span class='ocrx_word' id='word_1_134' title='bbox 1707 793 1749 826; x_wconf 90' lang='lat' dir='ltr'>XI</span> <span class='ocrx_word' id='word_1_135' title='bbox 1771 794 1865 834; x_wconf 85' lang='lat' dir='ltr'>(inc.:</span> 
     </span>
     <span class='ocr_line' id='line_1_14' title="bbox 89 843 1866 888; baseline -0.001 -10"><span class='ocrx_word' id='word_1_136' title='bbox 89 844 247 888; x_wconf 76' lang='grc' dir='ltr'>κεφάλαια</span> <span class='ocrx_word' id='word_1_137' title='bbox 268 848 324 878; x_wconf 86' lang='grc' dir='ltr'>τοῦ</span> <span class='ocrx_word' id='word_1_138' title='bbox 345 847 379 878; x_wconf 59' lang='grc' dir='ltr'>ᾗ</span> <span class='ocrx_word' id='word_1_139' title='bbox 400 844 496 888; x_wconf 87' lang='grc' dir='ltr'>λόγου</span> <span class='ocrx_word' id='word_1_140' title='bbox 517 846 588 888; x_wconf 86' lang='grc' dir='ltr'>περὶ</span> <span class='ocrx_word' id='word_1_141' title='bbox 608 848 664 887; x_wconf 85' lang='grc' dir='ltr'>τῆς</span> <span class='ocrx_word' id='word_1_142' title='bbox 678 848 739 877; x_wconf 91' lang='grc' dir='ltr'>τῶν</span> <span class='ocrx_word' id='word_1_143' title='bbox 761 843 868 877; x_wconf 80' lang='grc' dir='ltr'>ἁπλῶν</span> <span class='ocrx_word' id='word_1_144' title='bbox 888 843 1064 887; x_wconf 77' lang='grc' dir='ltr'>φαρμάκων</span> <span class='ocrx_word' id='word_1_145' title='bbox 1085 843 1244 887; x_wconf 86' lang='grc' dir='ltr'>δυνάμεως</span> <span class='ocrx_word' id='word_1_146' title='bbox 1265 844 1344 885; x_wconf 79' lang='grc' dir='ltr'>κτλ.,</span> <span class='ocrx_word' id='word_1_147' title='bbox 1364 844 1539 885; x_wconf 88' lang='lat' dir='ltr'>deinceps:</span> <span class='ocrx_word' id='word_1_148' title='bbox 1557 843 1596 876; x_wconf 87' lang='grc' dir='ltr'>τὰ</span> <span class='ocrx_word' id='word_1_149' title='bbox 1612 844 1743 876; x_wconf 81' lang='grc' dir='ltr'>πλεῖστα</span> <span class='ocrx_word' id='word_1_150' title='bbox 1758 844 1818 876; x_wconf 86' lang='grc' dir='ltr'>τῶν</span> <span class='ocrx_word' id='word_1_151' title='bbox 1833 844 1866 876; x_wconf 76' lang='grc' dir='ltr'>ἐν</span> 
     </span>
     <span class='ocr_line' id='line_1_15' title="bbox 90 894 1865 939; baseline -0.001 -11"><span class='ocrx_word' id='word_1_152' title='bbox 90 900 154 935; x_wconf 79' lang='grc' dir='ltr'>τοῖς</span> <span class='ocrx_word' id='word_1_153' title='bbox 174 895 265 936; x_wconf 81' lang='grc' dir='ltr'>ζώοις</span> <span class='ocrx_word' id='word_1_154' title='bbox 287 896 402 939; x_wconf 86' lang='grc' dir='ltr'>μορίων</span> <span class='ocrx_word' id='word_1_155' title='bbox 416 895 505 929; x_wconf 83' lang='grc' dir='ltr'>κοινά</span> <span class='ocrx_word' id='word_1_156' title='bbox 519 896 598 936; x_wconf 82' lang='grc' dir='ltr'>κτλ.,</span> <span class='ocrx_word' id='word_1_157' title='bbox 622 897 692 929; x_wconf 89' lang='lat' dir='ltr'>des.</span> <span class='ocrx_word' id='word_1_158' title='bbox 715 897 770 928; x_wconf 87' lang='lat' dir='ltr'>fol.</span> <span class='ocrx_word' id='word_1_159' title='bbox 794 897 892 929; x_wconf 77' lang='lat' dir='ltr'>309v:</span> <span class='ocrx_word' id='word_1_160' title='bbox 914 897 970 928; x_wconf 81' lang='grc' dir='ltr'>καὶ</span> <span class='ocrx_word' id='word_1_161' title='bbox 990 894 1079 938; x_wconf 77' lang='grc' dir='ltr'>ἡμεῖς</span> <span class='ocrx_word' id='word_1_162' title='bbox 1101 896 1136 927; x_wconf 84' lang='grc' dir='ltr'>δὲ</span> <span class='ocrx_word' id='word_1_163' title='bbox 1158 895 1208 927; x_wconf 76' lang='grc' dir='ltr'>ἐπὶ</span> <span class='ocrx_word' id='word_1_164' title='bbox 1229 895 1290 928; x_wconf 89' lang='grc' dir='ltr'>τῶν</span> <span class='ocrx_word' id='word_1_165' title='bbox 1312 895 1344 927; x_wconf 70' lang='grc' dir='ltr'>ἐν</span> <span class='ocrx_word' id='word_1_166' title='bbox 1366 894 1494 938; x_wconf 86' lang='grc' dir='ltr'>στόματι</span> <span class='ocrx_word' id='word_1_167' title='bbox 1516 895 1743 937; x_wconf 83' lang='grc' dir='ltr'>σηπεδονωδῶν</span> <span class='ocrx_word' id='word_1_168' title='bbox 1765 895 1865 927; x_wconf 70' lang='grc' dir='ltr'>ἑλκῶν</span> 
     </span>
     <span class='ocr_line' id='line_1_16' title="bbox 91 946 1865 990; baseline -0.001 -11"><span class='ocrx_word' id='word_1_169' title='bbox 91 946 302 990; x_wconf 63' lang='grc' dir='ltr'>ἐχρησάμεθα</span> <span class='ocrx_word' id='word_1_170' title='bbox 325 947 374 990; x_wconf 93' lang='lat' dir='ltr'>[id</span> <span class='ocrx_word' id='word_1_171' title='bbox 397 950 448 980; x_wconf 90' lang='lat' dir='ltr'>est</span> <span class='ocrx_word' id='word_1_172' title='bbox 472 948 586 980; x_wconf 90' lang='lat' dir='ltr'>Galen.</span> <span class='ocrx_word' id='word_1_173' title='bbox 610 948 674 980; x_wconf 87' lang='lat' dir='ltr'>vol.</span> <span class='ocrx_word' id='word_1_174' title='bbox 698 947 754 980; x_wconf 89' lang='lat' dir='ltr'>XII</span> <span class='ocrx_word' id='word_1_175' title='bbox 776 958 808 988; x_wconf 91' lang='lat' dir='ltr'>p.</span> <span class='ocrx_word' id='word_1_176' title='bbox 824 947 993 979; x_wconf 85' lang='lat'><strong>310—377</strong></span> <span class='ocrx_word' id='word_1_177' title='bbox 1015 947 1066 979; x_wconf 90' lang='lat' dir='ltr'>ed.</span> <span class='ocrx_word' id='word_1_178' title='bbox 1081 946 1232 990; x_wconf 81' lang='lat' dir='ltr'>Kuehn]3</span> <span class='ocrx_word' id='word_1_179' title='bbox 1256 947 1406 989; x_wconf 89' lang='lat' dir='ltr'>sequitur</span> <span class='ocrx_word' id='word_1_180' title='bbox 1429 947 1511 979; x_wconf 89' lang='lat' dir='ltr'>haec</span> <span class='ocrx_word' id='word_1_181' title='bbox 1534 947 1755 988; x_wconf 82' lang='lat' dir='ltr'>subscriptio:</span> <span class='ocrx_word' id='word_1_182' title='bbox 1777 946 1865 985; x_wconf 68' lang='grc' dir='ltr'>τέλος</span> 
     </span>
     <span class='ocr_line' id='line_1_17' title="bbox 91 996 1865 1040; baseline -0.001 -9"><span class='ocrx_word' id='word_1_183' title='bbox 91 997 146 1032; x_wconf 82' lang='grc' dir='ltr'>σὺν</span> <span class='ocrx_word' id='word_1_184' title='bbox 167 998 236 1031; x_wconf 80' lang='grc' dir='ltr'>θεῶ</span> <span class='ocrx_word' id='word_1_185' title='bbox 257 998 317 1031; x_wconf 86' lang='grc' dir='ltr'>τῶν</span> <span class='ocrx_word' id='word_1_186' title='bbox 339 997 414 1031; x_wconf 80' lang='grc' dir='ltr'>κατ’</span> <span class='ocrx_word' id='word_1_187' title='bbox 439 999 519 1037; x_wconf 78' lang='grc' dir='ltr'>εἶδος</span> <span class='ocrx_word' id='word_1_188' title='bbox 542 997 649 1031; x_wconf 82' lang='grc' dir='ltr'>ἁπλῶν</span> <span class='ocrx_word' id='word_1_189' title='bbox 669 1001 725 1031; x_wconf 88' lang='grc' dir='ltr'>τοῦ</span> <span class='ocrx_word' id='word_1_190' title='bbox 746 997 928 1040; x_wconf 83' lang='grc' dir='ltr'>σοφωτάτου</span> <span class='ocrx_word' id='word_1_191' title='bbox 950 997 1121 1040; x_wconf 82' lang='grc' dir='ltr'>Γαληνοῦ);</span> <span class='ocrx_word' id='word_1_192' title='bbox 1145 998 1224 1040; x_wconf 93' lang='lat' dir='ltr'>VIII)</span> <span class='ocrx_word' id='word_1_193' title='bbox 1249 999 1304 1031; x_wconf 82' lang='lat' dir='ltr'>fol.</span> <span class='ocrx_word' id='word_1_194' title='bbox 1322 999 1416 1031; x_wconf 71' lang='lat'><strong>312‘:</strong></span> <span class='ocrx_word' id='word_1_195' title='bbox 1439 997 1582 1039; x_wconf 86' lang='grc' dir='ltr'>Γαληνοῦ</span> <span class='ocrx_word' id='word_1_196' title='bbox 1604 1001 1664 1030; x_wconf 90' lang='grc' dir='ltr'>τῶν</span> <span class='ocrx_word' id='word_1_197' title='bbox 1685 996 1759 1030; x_wconf 86' lang='grc' dir='ltr'>κατ’</span> <span class='ocrx_word' id='word_1_198' title='bbox 1784 998 1865 1036; x_wconf 73' lang='grc' dir='ltr'>εἶδος</span> 
     </span>
     <span class='ocr_line' id='line_1_18' title="bbox 89 1046 1865 1093; baseline -0.001 -10"><span class='ocrx_word' id='word_1_199' title='bbox 89 1046 198 1083; x_wconf 82' lang='grc' dir='ltr'>ἁπλῶν</span> <span class='ocrx_word' id='word_1_200' title='bbox 219 1049 313 1093; x_wconf 84' lang='grc' dir='ltr'>λόγος</span> <span class='ocrx_word' id='word_1_201' title='bbox 334 1053 455 1092; x_wconf 90' lang='grc' dir='ltr'>πρῶτος</span> <span class='ocrx_word' id='word_1_202' title='bbox 477 1050 570 1092; x_wconf 82' lang='lat' dir='ltr'>(inc.:</span> <span class='ocrx_word' id='word_1_203' title='bbox 592 1050 662 1092; x_wconf 85' lang='grc' dir='ltr'>περὶ</span> <span class='ocrx_word' id='word_1_204' title='bbox 684 1052 739 1092; x_wconf 83' lang='grc' dir='ltr'>τῆς</span> <span class='ocrx_word' id='word_1_205' title='bbox 760 1049 820 1082; x_wconf 85' lang='grc' dir='ltr'>τῶν</span> <span class='ocrx_word' id='word_1_206' title='bbox 843 1048 950 1082; x_wconf 82' lang='grc' dir='ltr'>ἁπλῶν</span> <span class='ocrx_word' id='word_1_207' title='bbox 964 1048 1138 1092; x_wconf 82' lang='grc' dir='ltr'>φαρμάκων</span> <span class='ocrx_word' id='word_1_208' title='bbox 1154 1048 1314 1092; x_wconf 86' lang='grc' dir='ltr'>δυνάμεως</span> <span class='ocrx_word' id='word_1_209' title='bbox 1336 1048 1575 1092; x_wconf 81' lang='grc' dir='ltr'>ἐγχειρήσαντες</span> <span class='ocrx_word' id='word_1_210' title='bbox 1595 1048 1726 1091; x_wconf 79' lang='grc' dir='ltr'>γράφειν</span> <span class='ocrx_word' id='word_1_211' title='bbox 1748 1048 1797 1091; x_wconf 90' lang='lat' dir='ltr'>[id</span> <span class='ocrx_word' id='word_1_212' title='bbox 1812 1051 1865 1081; x_wconf 89' lang='lat' dir='ltr'>est</span> 
     </span>
     <span class='ocr_line' id='line_1_19' title="bbox 91 1099 1864 1143; baseline -0.001 -9"><span class='ocrx_word' id='word_1_213' title='bbox 91 1101 208 1134; x_wconf 85' lang='lat' dir='ltr'>Galeni</span> <span class='ocrx_word' id='word_1_214' title='bbox 231 1101 272 1134; x_wconf 90' lang='lat' dir='ltr'>de</span> <span class='ocrx_word' id='word_1_215' title='bbox 296 1101 437 1143; x_wconf 90' lang='lat' dir='ltr'>simplic.</span> <span class='ocrx_word' id='word_1_216' title='bbox 454 1102 630 1134; x_wconf 86' lang='lat' dir='ltr'>medicam.</span> <span class='ocrx_word' id='word_1_217' title='bbox 645 1103 784 1142; x_wconf 87' lang='lat' dir='ltr'>temper.</span> <span class='ocrx_word' id='word_1_218' title='bbox 801 1111 840 1133; x_wconf 86' lang='lat' dir='ltr'>ac</span> <span class='ocrx_word' id='word_1_219' title='bbox 863 1101 974 1133; x_wconf 84' lang='lat' dir='ltr'>facult.</span> <span class='ocrx_word' id='word_1_220' title='bbox 991 1101 1076 1132; x_wconf 92' lang='lat' dir='ltr'>liber</span> <span class='ocrx_word' id='word_1_221' title='bbox 1098 1101 1148 1139; x_wconf 83' lang='lat' dir='ltr'>VI,</span> <span class='ocrx_word' id='word_1_222' title='bbox 1173 1115 1212 1128; x_wconf 96' lang='lat'><strong><em>=</em></strong></span> <span class='ocrx_word' id='word_1_223' title='bbox 1235 1101 1300 1133; x_wconf 89' lang='lat' dir='ltr'>vol.</span> <span class='ocrx_word' id='word_1_224' title='bbox 1323 1101 1366 1133; x_wconf 91' lang='lat' dir='ltr'>XI</span> <span class='ocrx_word' id='word_1_225' title='bbox 1388 1111 1421 1142; x_wconf 88' lang='lat' dir='ltr'>p.</span> <span class='ocrx_word' id='word_1_226' title='bbox 1445 1101 1507 1133; x_wconf 83' lang='lat'>789</span> <span class='ocrx_word' id='word_1_227' title='bbox 1530 1110 1602 1141; x_wconf 85' lang='lat' dir='ltr'>sqq.</span> <span class='ocrx_word' id='word_1_228' title='bbox 1625 1100 1677 1132; x_wconf 90' lang='lat' dir='ltr'>ed.</span> <span class='ocrx_word' id='word_1_229' title='bbox 1700 1099 1864 1142; x_wconf 89' lang='lat' dir='ltr'>Kuehn])·</span> 
     </span>
     <span class='ocr_line' id='line_1_20' title="bbox 90 1147 1865 1195; baseline -0.002 -9"><span class='ocrx_word' id='word_1_230' title='bbox 90 1152 146 1195; x_wconf 88' lang='lat' dir='ltr'>IX)</span> <span class='ocrx_word' id='word_1_231' title='bbox 169 1153 226 1185; x_wconf 87' lang='lat' dir='ltr'>fol.</span> <span class='ocrx_word' id='word_1_232' title='bbox 250 1153 331 1185; x_wconf 87' lang='lat'>330</span> <span class='ocrx_word' id='word_1_233' title='bbox 338 1164 345 1185; x_wconf 71' lang='grc' dir='ltr'><strong><em>ε</em></strong></span> <span class='ocrx_word' id='word_1_234' title='bbox 369 1151 454 1195; x_wconf 72' lang='grc' dir='ltr'>ἀρχὴ</span> <span class='ocrx_word' id='word_1_235' title='bbox 476 1154 531 1184; x_wconf 84' lang='grc' dir='ltr'>τοῦ</span> <span class='ocrx_word' id='word_1_236' title='bbox 554 1151 699 1195; x_wconf 76' lang='grc' dir='ltr'>δευτέρου</span> <span class='ocrx_word' id='word_1_237' title='bbox 721 1151 817 1194; x_wconf 86' lang='grc' dir='ltr'>λόγου</span> <span class='ocrx_word' id='word_1_238' title='bbox 839 1152 900 1184; x_wconf 89' lang='grc' dir='ltr'>τῶν</span> <span class='ocrx_word' id='word_1_239' title='bbox 921 1150 994 1183; x_wconf 87' lang='grc' dir='ltr'>κατ’</span> <span class='ocrx_word' id='word_1_240' title='bbox 1019 1152 1099 1189; x_wconf 76' lang='grc' dir='ltr'>εἶδος</span> <span class='ocrx_word' id='word_1_241' title='bbox 1122 1147 1230 1183; x_wconf 83' lang='grc' dir='ltr'>ἁπλῶν</span> <span class='ocrx_word' id='word_1_242' title='bbox 1251 1150 1395 1193; x_wconf 85' lang='grc' dir='ltr'>Γαληνοῠ</span> <span class='ocrx_word' id='word_1_243' title='bbox 1418 1151 1512 1193; x_wconf 87' lang='lat' dir='ltr'>(inc.:</span> <span class='ocrx_word' id='word_1_244' title='bbox 1535 1150 1669 1193; x_wconf 74' lang='grc' dir='ltr'>ἕβδομον</span> <span class='ocrx_word' id='word_1_245' title='bbox 1690 1154 1779 1183; x_wconf 84' lang='grc' dir='ltr'>τοῦτο</span> <span class='ocrx_word' id='word_1_246' title='bbox 1794 1151 1865 1192; x_wconf 81' lang='grc' dir='ltr'>περὶ</span> 
     </span>
     <span class='ocr_line' id='line_1_21' title="bbox 88 1202 1862 1246; baseline -0.001 -10"><span class='ocrx_word' id='word_1_247' title='bbox 88 1206 145 1246; x_wconf 78' lang='grc' dir='ltr'>τῆς</span> <span class='ocrx_word' id='word_1_248' title='bbox 165 1205 225 1237; x_wconf 91' lang='grc' dir='ltr'>τῶν</span> <span class='ocrx_word' id='word_1_249' title='bbox 247 1202 354 1236; x_wconf 82' lang='grc' dir='ltr'>ἁπλῶν</span> <span class='ocrx_word' id='word_1_250' title='bbox 376 1202 550 1246; x_wconf 77' lang='grc' dir='ltr'>φαρμάκων</span> <span class='ocrx_word' id='word_1_251' title='bbox 572 1202 731 1246; x_wconf 85' lang='grc' dir='ltr'>δυνάμεως</span> <span class='ocrx_word' id='word_1_252' title='bbox 755 1202 803 1246; x_wconf 92' lang='lat' dir='ltr'>[id</span> <span class='ocrx_word' id='word_1_253' title='bbox 826 1205 878 1235; x_wconf 88' lang='lat' dir='ltr'>est</span> <span class='ocrx_word' id='word_1_254' title='bbox 901 1202 1018 1235; x_wconf 88' lang='lat' dir='ltr'>Galeni</span> <span class='ocrx_word' id='word_1_255' title='bbox 1041 1203 1082 1234; x_wconf 88' lang='lat' dir='ltr'>de</span> <span class='ocrx_word' id='word_1_256' title='bbox 1099 1202 1207 1244; x_wconf 88' lang='lat' dir='ltr'>simpl.</span> <span class='ocrx_word' id='word_1_257' title='bbox 1225 1205 1286 1234; x_wconf 86' lang='lat' dir='ltr'>etc.</span> <span class='ocrx_word' id='word_1_258' title='bbox 1310 1203 1394 1235; x_wconf 90' lang='lat' dir='ltr'>liber</span> <span class='ocrx_word' id='word_1_259' title='bbox 1410 1203 1529 1241; x_wconf 92' lang='lat' dir='ltr'>VII,—</span> <span class='ocrx_word' id='word_1_260' title='bbox 1491 1225 1529 1229; x_wconf 94' lang='grc'><strong>-</strong></span> <span class='ocrx_word' id='word_1_261' title='bbox 1546 1202 1690 1234; x_wconf 80' lang='lat' dir='ltr'>v01.X11</span> <span class='ocrx_word' id='word_1_262' title='bbox 1705 1213 1738 1243; x_wconf 92' lang='lat' dir='ltr'>p.</span> <span class='ocrx_word' id='word_1_263' title='bbox 1757 1203 1770 1234; x_wconf 91' lang='lat'>1</span> <span class='ocrx_word' id='word_1_264' title='bbox 1791 1212 1862 1243; x_wconf 89' lang='lat' dir='ltr'>sqq.</span> 
     </span>
     <span class='ocr_line' id='line_1_22' title="bbox 91 1250 1864 1298; baseline -0.002 -10"><span class='ocrx_word' id='word_1_265' title='bbox 91 1255 142 1288; x_wconf 86' lang='lat' dir='ltr'>ed.</span> <span class='ocrx_word' id='word_1_266' title='bbox 164 1254 333 1298; x_wconf 88' lang='lat' dir='ltr'>Kuehn]);</span> <span class='ocrx_word' id='word_1_267' title='bbox 361 1255 403 1297; x_wconf 89' lang='lat' dir='ltr'>X)</span> <span class='ocrx_word' id='word_1_268' title='bbox 427 1255 483 1287; x_wconf 85' lang='lat' dir='ltr'>fol.</span> <span class='ocrx_word' id='word_1_269' title='bbox 507 1256 603 1288; x_wconf 90' lang='lat'>344:</span> <span class='ocrx_word' id='word_1_270' title='bbox 633 1254 748 1298; x_wconf 82' lang='grc' dir='ltr'>βιβλίον</span> <span class='ocrx_word' id='word_1_271' title='bbox 775 1253 875 1296; x_wconf 89' lang='grc' dir='ltr'>τρίτον</span> <span class='ocrx_word' id='word_1_272' title='bbox 903 1256 963 1286; x_wconf 89' lang='grc' dir='ltr'>τῶν</span> <span class='ocrx_word' id='word_1_273' title='bbox 990 1252 1064 1286; x_wconf 91' lang='grc' dir='ltr'>κατ’</span> <span class='ocrx_word' id='word_1_274' title='bbox 1088 1253 1169 1292; x_wconf 79' lang='grc' dir='ltr'>εἶδος</span> <span class='ocrx_word' id='word_1_275' title='bbox 1191 1251 1298 1286; x_wconf 83' lang='grc' dir='ltr'>ἁπλῶν</span> <span class='ocrx_word' id='word_1_276' title='bbox 1319 1252 1463 1296; x_wconf 87' lang='grc' dir='ltr'>Γαληνοῠ</span> <span class='ocrx_word' id='word_1_277' title='bbox 1486 1254 1579 1295; x_wconf 89' lang='lat' dir='ltr'>(inc.:</span> <span class='ocrx_word' id='word_1_278' title='bbox 1607 1250 1680 1286; x_wconf 78' lang='grc' dir='ltr'>ὅσον</span> <span class='ocrx_word' id='word_1_279' title='bbox 1709 1251 1864 1296; x_wconf 71' lang='grc' dir='ltr'>μενὺπο-</span> 
     </span>
     <span class='ocr_line' id='line_1_23' title="bbox 89 1303 1862 1348; baseline -0.002 -9"><span class='ocrx_word' id='word_1_280' title='bbox 89 1304 196 1339; x_wconf 87' lang='grc' dir='ltr'>λοιπόν</span> <span class='ocrx_word' id='word_1_281' title='bbox 218 1306 282 1339; x_wconf 83' lang='grc' dir='ltr'>ἐστι</span> <span class='ocrx_word' id='word_1_282' title='bbox 303 1309 358 1348; x_wconf 80' lang='grc' dir='ltr'>τῆς</span> <span class='ocrx_word' id='word_1_283' title='bbox 379 1306 463 1338; x_wconf 75' lang='grc' dir='ltr'>κατὰ</span> <span class='ocrx_word' id='word_1_284' title='bbox 483 1306 523 1338; x_wconf 82' lang='grc' dir='ltr'>τὰ</span> <span class='ocrx_word' id='word_1_285' title='bbox 545 1304 626 1348; x_wconf 82' lang='grc' dir='ltr'>φυτὰ</span> <span class='ocrx_word' id='word_1_286' title='bbox 647 1304 806 1348; x_wconf 84' lang='grc' dir='ltr'>δυνάμεως</span> <span class='ocrx_word' id='word_1_287' title='bbox 828 1305 860 1337; x_wconf 83' lang='grc' dir='ltr'>ἐν</span> <span class='ocrx_word' id='word_1_288' title='bbox 881 1305 925 1338; x_wconf 89' lang='grc' dir='ltr'>τῶ</span> <span class='ocrx_word' id='word_1_289' title='bbox 947 1305 982 1337; x_wconf 87' lang='grc' dir='ltr'>δε</span> <span class='ocrx_word' id='word_1_290' title='bbox 1006 1304 1084 1348; x_wconf 83' lang='lat' dir='ltr'>[sic]</span> <span class='ocrx_word' id='word_1_291' title='bbox 1107 1303 1311 1347; x_wconf 77' lang='grc' dir='ltr'>λεχθήσεται,</span> <span class='ocrx_word' id='word_1_292' title='bbox 1335 1305 1404 1338; x_wconf 90' lang='lat' dir='ltr'>des.</span> <span class='ocrx_word' id='word_1_293' title='bbox 1424 1305 1480 1338; x_wconf 81' lang='lat' dir='ltr'>fol.</span> <span class='ocrx_word' id='word_1_294' title='bbox 1496 1306 1579 1338; x_wconf 66' lang='grc' dir='ltr'>356Γ</span> <span class='ocrx_word' id='word_1_295' title='bbox 1601 1304 1650 1347; x_wconf 92' lang='lat' dir='ltr'>[id</span> <span class='ocrx_word' id='word_1_296' title='bbox 1671 1307 1723 1338; x_wconf 87' lang='lat' dir='ltr'>est</span> <span class='ocrx_word' id='word_1_297' title='bbox 1745 1304 1862 1337; x_wconf 80' lang='lat' dir='ltr'>Galerii</span> 
     </span>
     <span class='ocr_line' id='line_1_24' title="bbox 90 1355 1259 1399; baseline -0.002 -9"><span class='ocrx_word' id='word_1_298' title='bbox 90 1358 131 1391; x_wconf 90' lang='lat' dir='ltr'>de</span> <span class='ocrx_word' id='word_1_299' title='bbox 154 1357 263 1399; x_wconf 89' lang='lat' dir='ltr'>simpl.</span> <span class='ocrx_word' id='word_1_300' title='bbox 287 1359 349 1390; x_wconf 88' lang='lat' dir='ltr'>etc.</span> <span class='ocrx_word' id='word_1_301' title='bbox 373 1358 458 1390; x_wconf 90' lang='lat' dir='ltr'>liber</span> <span class='ocrx_word' id='word_1_302' title='bbox 480 1358 558 1397; x_wconf 90' lang='lat' dir='ltr'>VIII,</span> <span class='ocrx_word' id='word_1_303' title='bbox 581 1371 621 1385; x_wconf 94' lang='lat'>=</span> <span class='ocrx_word' id='word_1_304' title='bbox 644 1358 708 1390; x_wconf 92' lang='lat' dir='ltr'>vol.</span> <span class='ocrx_word' id='word_1_305' title='bbox 730 1357 788 1389; x_wconf 91' lang='lat' dir='ltr'>XII</span> <span class='ocrx_word' id='word_1_306' title='bbox 810 1367 842 1398; x_wconf 91' lang='lat' dir='ltr'>p.</span> <span class='ocrx_word' id='word_1_307' title='bbox 865 1357 906 1389; x_wconf 90' lang='lat'>83</span> <span class='ocrx_word' id='word_1_308' title='bbox 931 1366 1002 1398; x_wconf 86' lang='lat' dir='ltr'>sqq.</span> <span class='ocrx_word' id='word_1_309' title='bbox 1027 1356 1078 1388; x_wconf 92' lang='lat' dir='ltr'>ed.</span> <span class='ocrx_word' id='word_1_310' title='bbox 1101 1355 1259 1399; x_wconf 86' lang='lat' dir='ltr'>Kuehn]).</span> 
     </span>
    </p>
   </div>
   <div class='ocr_carea' id='block_1_6' title="bbox 87 1416 1863 1715">
    <p class='ocr_par' dir='ltr' id='par_1_6' title="bbox 87 1416 1863 1715">
     <span class='ocr_line' id='line_1_25' title="bbox 240 1416 1862 1460; baseline -0.001 -10"><span class='ocrx_word' id='word_1_311' title='bbox 240 1418 273 1460; x_wconf 78' lang='lat'>4)</span> <span class='ocrx_word' id='word_1_312' title='bbox 304 1418 353 1450; x_wconf 84' lang='lat' dir='ltr'>Ex</span> <span class='ocrx_word' id='word_1_313' title='bbox 381 1418 445 1450; x_wconf 91' lang='lat' dir='ltr'>hoc</span> <span class='ocrx_word' id='word_1_314' title='bbox 468 1418 585 1450; x_wconf 87' lang='lat' dir='ltr'>codice</span> <span class='ocrx_word' id='word_1_315' title='bbox 606 1417 762 1450; x_wconf 86' lang='lat' dir='ltr'>Parisino</span> <span class='ocrx_word' id='word_1_316' title='bbox 786 1418 871 1450; x_wconf 85' lang='grc'><strong>2158</strong></span> <span class='ocrx_word' id='word_1_317' title='bbox 894 1417 968 1458; x_wconf 92' lang='lat' dir='ltr'>ipso</span> <span class='ocrx_word' id='word_1_318' title='bbox 991 1416 1232 1457; x_wconf 85' lang='lat' dir='ltr'>transcriptum</span> <span class='ocrx_word' id='word_1_319' title='bbox 1261 1427 1336 1448; x_wconf 86' lang='lat' dir='ltr'>esse</span> <span class='ocrx_word' id='word_1_320' title='bbox 1365 1417 1408 1448; x_wconf 90' lang='lat' dir='ltr'>ab</span> <span class='ocrx_word' id='word_1_321' title='bbox 1438 1417 1532 1448; x_wconf 89' lang='lat' dir='ltr'>initio</span> <span class='ocrx_word' id='word_1_322' title='bbox 1560 1426 1664 1458; x_wconf 79' lang='lat' dir='ltr'>usque</span> <span class='ocrx_word' id='word_1_323' title='bbox 1692 1416 1735 1448; x_wconf 90' lang='lat' dir='ltr'>ad</span> <span class='ocrx_word' id='word_1_324' title='bbox 1763 1416 1862 1447; x_wconf 79' lang='lat' dir='ltr'>finem</span> 
     </span>
     <span class='ocr_line' id='line_1_26' title="bbox 89 1467 1862 1511; baseline -0.002 -9"><span class='ocrx_word' id='word_1_325' title='bbox 89 1471 228 1511; x_wconf 85' lang='lat' dir='ltr'>apparet</span> <span class='ocrx_word' id='word_1_326' title='bbox 250 1469 401 1501; x_wconf 85' lang='lat' dir='ltr'>codicem</span> <span class='ocrx_word' id='word_1_327' title='bbox 423 1469 615 1501; x_wconf 84' lang='lat' dir='ltr'>Parisinum</span> <span class='ocrx_word' id='word_1_328' title='bbox 637 1469 721 1501; x_wconf 87' lang='grc'><strong>2156</strong></span> <span class='ocrx_word' id='word_1_329' title='bbox 745 1469 958 1501; x_wconf 82' lang='lat' dir='ltr'>chartaceum</span> <span class='ocrx_word' id='word_1_330' title='bbox 981 1468 1105 1500; x_wconf 89' lang='lat' dir='ltr'>saeculi</span> <span class='ocrx_word' id='word_1_331' title='bbox 1129 1467 1201 1500; x_wconf 88' lang='lat' dir='ltr'>XVI</span> <span class='ocrx_word' id='word_1_332' title='bbox 1225 1467 1382 1506; x_wconf 84' lang='lat' dir='ltr'>ineuntis,</span> <span class='ocrx_word' id='word_1_333' title='bbox 1405 1467 1447 1499; x_wconf 90' lang='lat' dir='ltr'>de</span> <span class='ocrx_word' id='word_1_334' title='bbox 1469 1477 1536 1509; x_wconf 90' lang='lat' dir='ltr'>quo</span> <span class='ocrx_word' id='word_1_335' title='bbox 1558 1467 1736 1499; x_wconf 85' lang='lat' dir='ltr'>infeliciter</span> <span class='ocrx_word' id='word_1_336' title='bbox 1760 1469 1862 1499; x_wconf 91' lang='lat' dir='ltr'>rettu-</span> 
     </span>
     <span class='ocr_line' id='line_1_27' title="bbox 88 1518 1863 1561; baseline -0.001 -9"><span class='ocrx_word' id='word_1_337' title='bbox 88 1518 200 1553; x_wconf 88' lang='lat' dir='ltr'>lerunt</span> <span class='ocrx_word' id='word_1_338' title='bbox 221 1519 363 1552; x_wconf 80' lang='lat' dir='ltr'>Melotus</span> <span class='ocrx_word' id='word_1_339' title='bbox 386 1520 407 1551; x_wconf 93' lang='lat' dir='ltr'>l.</span> <span class='ocrx_word' id='word_1_340' title='bbox 425 1529 451 1552; x_wconf 91' lang='lat' dir='ltr'>c.</span> <span class='ocrx_word' id='word_1_341' title='bbox 467 1530 499 1561; x_wconf 93' lang='lat' dir='ltr'>p.</span> <span class='ocrx_word' id='word_1_342' title='bbox 515 1519 578 1552; x_wconf 76' lang='lat'>455</span> <span class='ocrx_word' id='word_1_343' title='bbox 602 1521 634 1552; x_wconf 83' lang='lat' dir='ltr'>et</span> <span class='ocrx_word' id='word_1_344' title='bbox 657 1519 836 1552; x_wconf 88' lang='lat' dir='ltr'>Omontius</span> <span class='ocrx_word' id='word_1_345' title='bbox 860 1519 880 1551; x_wconf 90' lang='lat' dir='ltr'>l.</span> <span class='ocrx_word' id='word_1_346' title='bbox 904 1529 931 1551; x_wconf 89' lang='lat' dir='ltr'>c.</span> <span class='ocrx_word' id='word_1_347' title='bbox 954 1529 986 1559; x_wconf 91' lang='lat' dir='ltr'>p.</span> <span class='ocrx_word' id='word_1_348' title='bbox 1002 1518 1075 1551; x_wconf 88' lang='grc'><strong>206.</strong></span> <span class='ocrx_word' id='word_1_349' title='bbox 1116 1519 1189 1551; x_wconf 89' lang='lat' dir='ltr'>Hoc</span> <span class='ocrx_word' id='word_1_350' title='bbox 1213 1519 1328 1551; x_wconf 87' lang='lat' dir='ltr'>codice</span> <span class='ocrx_word' id='word_1_351' title='bbox 1352 1519 1542 1551; x_wconf 87' lang='lat' dir='ltr'>continetur</span> <span class='ocrx_word' id='word_1_352' title='bbox 1565 1519 1620 1551; x_wconf 86' lang='lat' dir='ltr'>fol.</span> <span class='ocrx_word' id='word_1_353' title='bbox 1648 1518 1863 1551; x_wconf 65' lang='lat' dir='ltr'>miv—342¹</span> 
     </span>
     <span class='ocr_line' id='line_1_28' title="bbox 89 1569 1860 1615; baseline -0.001 -12"><span class='ocrx_word' id='word_1_354' title='bbox 89 1570 218 1615; x_wconf 86' lang='grc' dir='ltr'>βίβλος</span> <span class='ocrx_word' id='word_1_355' title='bbox 239 1570 417 1613; x_wconf 83' lang='grc' dir='ltr'>Γαληνοῦ</span> <span class='ocrx_word' id='word_1_356' title='bbox 438 1569 461 1613; x_wconf 71' lang='grc' dir='ltr'>ἡ</span> <span class='ocrx_word' id='word_1_357' title='bbox 484 1569 582 1602; x_wconf 82' lang='grc' dir='ltr'>κατὰ</span> <span class='ocrx_word' id='word_1_358' title='bbox 603 1569 741 1609; x_wconf 88' lang='grc' dir='ltr'>τόπους</span> <span class='ocrx_word' id='word_1_359' title='bbox 762 1569 1011 1613; x_wconf 85' lang='grc' dir='ltr'>πραγματεία</span> <span class='ocrx_word' id='word_1_360' title='bbox 1033 1569 1123 1610; x_wconf 90' lang='lat' dir='ltr'>(libri</span> <span class='ocrx_word' id='word_1_361' title='bbox 1139 1570 1279 1610; x_wconf 85' lang='lat' dir='ltr'>decem).</span> <span class='ocrx_word' id='word_1_362' title='bbox 1324 1570 1462 1602; x_wconf 85' lang='lat' dir='ltr'>Praeter</span> <span class='ocrx_word' id='word_1_363' title='bbox 1485 1570 1549 1602; x_wconf 87' lang='lat' dir='ltr'>hoc</span> <span class='ocrx_word' id='word_1_364' title='bbox 1578 1570 1694 1602; x_wconf 86' lang='lat' dir='ltr'>Galeni</span> <span class='ocrx_word' id='word_1_365' title='bbox 1718 1580 1802 1611; x_wconf 91' lang='lat' dir='ltr'>opus</span> <span class='ocrx_word' id='word_1_366' title='bbox 1827 1569 1860 1601; x_wconf 90' lang='lat' dir='ltr'>in</span> 
     </span>
     <span class='ocr_line' id='line_1_29' title="bbox 87 1621 1861 1663; baseline -0.002 -8"><span class='ocrx_word' id='word_1_367' title='bbox 87 1621 243 1655; x_wconf 89' lang='lat' dir='ltr'>Parisino</span> <span class='ocrx_word' id='word_1_368' title='bbox 259 1622 343 1655; x_wconf 91' lang='grc'><strong>2156</strong></span> <span class='ocrx_word' id='word_1_369' title='bbox 357 1631 497 1663; x_wconf 87' lang='lat' dir='ltr'>prorsus</span> <span class='ocrx_word' id='word_1_370' title='bbox 514 1622 622 1654; x_wconf 89' lang='lat' dir='ltr'>eidem</span> <span class='ocrx_word' id='word_1_371' title='bbox 638 1622 754 1654; x_wconf 87' lang='lat' dir='ltr'>insunt</span> <span class='ocrx_word' id='word_1_372' title='bbox 771 1621 858 1661; x_wconf 86' lang='lat' dir='ltr'>libri,</span> <span class='ocrx_word' id='word_1_373' title='bbox 875 1622 931 1663; x_wconf 90' lang='lat' dir='ltr'>qui</span> <span class='ocrx_word' id='word_1_374' title='bbox 954 1621 987 1653; x_wconf 93' lang='lat' dir='ltr'>in</span> <span class='ocrx_word' id='word_1_375' title='bbox 1007 1621 1163 1653; x_wconf 87' lang='lat' dir='ltr'>Parisino</span> <span class='ocrx_word' id='word_1_376' title='bbox 1179 1621 1278 1659; x_wconf 71' lang='lat'>21583</span> <span class='ocrx_word' id='word_1_377' title='bbox 1302 1621 1336 1653; x_wconf 91' lang='lat' dir='ltr'>in</span> <span class='ocrx_word' id='word_1_378' title='bbox 1355 1623 1473 1654; x_wconf 91' lang='lat' dir='ltr'>neutro</span> <span class='ocrx_word' id='word_1_379' title='bbox 1491 1622 1603 1654; x_wconf 86' lang='lat' dir='ltr'>inesse</span> <span class='ocrx_word' id='word_1_380' title='bbox 1621 1621 1738 1653; x_wconf 86' lang='lat' dir='ltr'>Galeni</span> <span class='ocrx_word' id='word_1_381' title='bbox 1756 1621 1861 1653; x_wconf 84' lang='lat' dir='ltr'>libros</span> 
     </span>
     <span class='ocr_line' id='line_1_30' title="bbox 88 1672 1862 1715; baseline -0.001 -9"><span class='ocrx_word' id='word_1_382' title='bbox 88 1673 130 1706; x_wconf 87' lang='lat' dir='ltr'>de</span> <span class='ocrx_word' id='word_1_383' title='bbox 148 1674 394 1715; x_wconf 85' lang='lat' dir='ltr'>compositione</span> <span class='ocrx_word' id='word_1_384' title='bbox 416 1673 738 1706; x_wconf 87' lang='lat' dir='ltr'>medicamentorum</span> <span class='ocrx_word' id='word_1_385' title='bbox 762 1673 944 1705; x_wconf 86' lang='lat' dir='ltr'>secundum</span> <span class='ocrx_word' id='word_1_386' title='bbox 967 1682 1091 1713; x_wconf 81' lang='lat' dir='ltr'>genera</span> <span class='ocrx_word' id='word_1_387' title='bbox 1114 1675 1204 1705; x_wconf 86' lang='lat' dir='ltr'>recte</span> <span class='ocrx_word' id='word_1_388' title='bbox 1227 1673 1400 1705; x_wconf 82' lang='lat' dir='ltr'>adnotavit</span> <span class='ocrx_word' id='word_1_389' title='bbox 1423 1673 1489 1705; x_wconf 82' lang='lat' dir='ltr'>iam</span> <span class='ocrx_word' id='word_1_390' title='bbox 1516 1673 1554 1705; x_wconf 91' lang='lat' dir='ltr'>U.</span> <span class='ocrx_word' id='word_1_391' title='bbox 1579 1673 1615 1705; x_wconf 91' lang='lat' dir='ltr'>C.</span> <span class='ocrx_word' id='word_1_392' title='bbox 1639 1672 1862 1705; x_wconf 84' lang='lat' dir='ltr'>Bussemaker</span> 
     </span>
    </p>
   </div>
   <div class='ocr_carea' id='block_1_7' title="bbox 59 1723 1862 1766">
    <p class='ocr_par' dir='ltr' id='par_1_7' title="bbox 59 1723 1862 1766">
     <span class='ocr_line' id='line_1_31' title="bbox 59 1723 1862 1766; baseline -0.001 -9"><span class='ocrx_word' id='word_1_393' title='bbox 59 1724 62 1727; x_wconf 73' lang='grc'>’</span> <span class='ocrx_word' id='word_1_394' title='bbox 88 1725 124 1757; x_wconf 88' lang='lat' dir='ltr'>in</span> <span class='ocrx_word' id='word_1_395' title='bbox 145 1724 422 1766; x_wconf 79' lang='lat' dir='ltr'>Fragmentorum</span> <span class='ocrx_word' id='word_1_396' title='bbox 443 1726 639 1766; x_wconf 77' lang='lat' dir='ltr'>poematum</span> <span class='ocrx_word' id='word_1_397' title='bbox 662 1734 732 1757; x_wconf 89' lang='lat' dir='ltr'>rem</span> <span class='ocrx_word' id='word_1_398' title='bbox 755 1725 942 1756; x_wconf 86' lang='lat' dir='ltr'>naturalem</span> <span class='ocrx_word' id='word_1_399' title='bbox 964 1724 1016 1756; x_wconf 87' lang='lat' dir='ltr'>vel</span> <span class='ocrx_word' id='word_1_400' title='bbox 1040 1723 1243 1756; x_wconf 89' lang='lat' dir='ltr'>medicinam</span> <span class='ocrx_word' id='word_1_401' title='bbox 1266 1724 1489 1765; x_wconf 84' lang='lat' dir='ltr'>spectantium</span> <span class='ocrx_word' id='word_1_402' title='bbox 1513 1724 1660 1756; x_wconf 87' lang='lat' dir='ltr'>editione</span> <span class='ocrx_word' id='word_1_403' title='bbox 1683 1724 1862 1756; x_wconf 87' lang='lat' dir='ltr'>Didotiana</span> 
     </span>
    </p>
   </div>
   <div class='ocr_carea' id='block_1_8' title="bbox 86 1775 1860 1868">
    <p class='ocr_par' dir='ltr' id='par_1_8' title="bbox 86 1775 1860 1868">
     <span class='ocr_line' id='line_1_32' title="bbox 86 1775 1860 1818; baseline -0.001 -10"><span class='ocrx_word' id='word_1_404' title='bbox 86 1785 160 1818; x_wconf 79' lang='lat' dir='ltr'>pag.</span> <span class='ocrx_word' id='word_1_405' title='bbox 184 1776 234 1808; x_wconf 81' lang='lat'>74.</span> <span class='ocrx_word' id='word_1_406' title='bbox 280 1776 350 1817; x_wconf 80' lang='lat' dir='ltr'>Ego</span> <span class='ocrx_word' id='word_1_407' title='bbox 378 1775 524 1808; x_wconf 88' lang='lat' dir='ltr'>Parisini</span> <span class='ocrx_word' id='word_1_408' title='bbox 552 1776 637 1808; x_wconf 86' lang='grc'><strong>2156</strong></span> <span class='ocrx_word' id='word_1_409' title='bbox 665 1776 827 1808; x_wconf 88' lang='lat' dir='ltr'>lectiones</span> <span class='ocrx_word' id='word_1_410' title='bbox 858 1785 926 1808; x_wconf 89' lang='lat' dir='ltr'>non</span> <span class='ocrx_word' id='word_1_411' title='bbox 956 1775 1062 1816; x_wconf 85' lang='lat' dir='ltr'>magis</span> <span class='ocrx_word' id='word_1_412' title='bbox 1091 1775 1350 1807; x_wconf 85' lang='lat' dir='ltr'>commemoravi</span> <span class='ocrx_word' id='word_1_413' title='bbox 1379 1775 1413 1807; x_wconf 88' lang='lat' dir='ltr'>in</span> <span class='ocrx_word' id='word_1_414' title='bbox 1436 1778 1598 1816; x_wconf 85' lang='lat' dir='ltr'>apparatu</span> <span class='ocrx_word' id='word_1_415' title='bbox 1622 1775 1738 1807; x_wconf 88' lang='lat' dir='ltr'>critico</span> <span class='ocrx_word' id='word_1_416' title='bbox 1762 1785 1860 1816; x_wconf 82' lang='lat' dir='ltr'>quam</span> 
     </span>
     <span class='ocr_line' id='line_1_33' title="bbox 87 1826 680 1868; baseline 0 -9"><span class='ocrx_word' id='word_1_417' title='bbox 87 1827 232 1860; x_wconf 87' lang='lat' dir='ltr'>Parisini</span> <span class='ocrx_word' id='word_1_418' title='bbox 253 1827 338 1859; x_wconf 85' lang='grc'><strong>2158</strong></span> <span class='ocrx_word' id='word_1_419' title='bbox 361 1837 402 1860; x_wconf 86' lang='lat' dir='ltr'>ex</span> <span class='ocrx_word' id='word_1_420' title='bbox 423 1826 457 1858; x_wconf 88' lang='grc' dir='ltr'><strong><em>Β</em></strong></span> <span class='ocrx_word' id='word_1_421' title='bbox 476 1827 680 1868; x_wconf 83' lang='lat' dir='ltr'>transcripti.</span> 
     </span>
    </p>
   </div>
   <div class='ocr_carea' id='block_1_9' title="bbox 1881 1416 2023 1442">
    <p class='ocr_par' dir='ltr' id='par_1_9' title="bbox 1881 1416 2023 1442">
     <span class='ocr_line' id='line_1_34' title="bbox 1881 1416 2023 1442; baseline 0 0"><span class='ocrx_word' id='word_1_422' title='bbox 1881 1416 1942 1442; x_wconf 76' lang='lat' dir='ltr'>Par.</span> <span class='ocrx_word' id='word_1_423' title='bbox 1955 1416 2023 1442; x_wconf 72' lang='lat'>2¹56</span> 
     </span>
    </p>
   </div>
   <div class='ocr_carea' id='block_1_10' title="bbox 239 1885 1900 1928">
    <p class='ocr_par' dir='ltr' id='par_1_10' title="bbox 239 1885 1900 1928">
     <span class='ocr_line' id='line_1_35' title="bbox 239 1885 1900 1928; baseline -0.001 -9"><span class='ocrx_word' id='word_1_424' title='bbox 239 1886 272 1928; x_wconf 86' lang='lat'>5)</span> <span class='ocrx_word' id='word_1_425' title='bbox 303 1885 332 1918; x_wconf 81' lang='lat' dir='ltr'><em>O</em></span> <span class='ocrx_word' id='word_1_426' title='bbox 350 1900 389 1914; x_wconf 84' lang='lat'>=</span> <span class='ocrx_word' id='word_1_427' title='bbox 412 1887 615 1928; x_wconf 82' lang='lat' dir='ltr'>Reginensis</span> <span class='ocrx_word' id='word_1_428' title='bbox 641 1887 700 1919; x_wconf 91' lang='grc'>172</span> <span class='ocrx_word' id='word_1_429' title='bbox 724 1886 836 1918; x_wconf 88' lang='lat' dir='ltr'>bomb.</span> <span class='ocrx_word' id='word_1_430' title='bbox 861 1886 918 1918; x_wconf 85' lang='lat' dir='ltr'>sol.</span> <span class='ocrx_word' id='word_1_431' title='bbox 942 1896 1029 1918; x_wconf 86' lang='lat' dir='ltr'>saec.</span> <span class='ocrx_word' id='word_1_432' title='bbox 1052 1886 1140 1924; x_wconf 85' lang='lat' dir='ltr'>xlv.</span> <span class='ocrx_word' id='word_1_433' title='bbox 1164 1885 1220 1927; x_wconf 88' lang='lat' dir='ltr'>qui</span> <span class='ocrx_word' id='word_1_434' title='bbox 1243 1885 1476 1926; x_wconf 86' lang='lat' dir='ltr'>complectitur</span> <span class='ocrx_word' id='word_1_435' title='bbox 1499 1885 1615 1918; x_wconf 88' lang='lat' dir='ltr'>Galeni</span> <span class='ocrx_word' id='word_1_436' title='bbox 1650 1886 1754 1918; x_wconf 91' lang='lat' dir='ltr'>libros</span> <span class='ocrx_word' id='word_1_437' title='bbox 1791 1885 1861 1927; x_wconf 76' lang='grc' dir='ltr'>περὶ</span> <span class='ocrx_word' id='word_1_438' title='bbox 1878 1889 1900 1917; x_wconf 84' lang='lat' dir='ltr'><strong><em>G</em></strong></span> 
     </span>
    </p>
   </div>
   <div class='ocr_carea' id='block_1_11' title="bbox 87 1934 1860 1981">
    <p class='ocr_par' dir='ltr' id='par_1_11' title="bbox 87 1934 1860 1981">
     <span class='ocr_line' id='line_1_36' title="bbox 87 1934 1860 1981; baseline -0.001 -11"><span class='ocrx_word' id='word_1_439' title='bbox 87 1937 263 1976; x_wconf 70' lang='grc' dir='ltr'>συνθέσεως</span> <span class='ocrx_word' id='word_1_440' title='bbox 285 1937 460 1981; x_wconf 83' lang='grc' dir='ltr'>φαρμάκων</span> <span class='ocrx_word' id='word_1_441' title='bbox 482 1940 542 1970; x_wconf 82' lang='grc' dir='ltr'>τῶν</span> <span class='ocrx_word' id='word_1_442' title='bbox 562 1937 647 1970; x_wconf 82' lang='grc' dir='ltr'>κατὰ</span> <span class='ocrx_word' id='word_1_443' title='bbox 668 1937 743 1980; x_wconf 71' lang='grc' dir='ltr'>γένη</span> <span class='ocrx_word' id='word_1_444' title='bbox 760 1940 793 1970; x_wconf 86' lang='lat' dir='ltr'>et</span> <span class='ocrx_word' id='word_1_445' title='bbox 808 1938 914 1970; x_wconf 87' lang='lat' dir='ltr'>libros</span> <span class='ocrx_word' id='word_1_446' title='bbox 929 1938 1000 1979; x_wconf 84' lang='grc' dir='ltr'>περὶ</span> <span class='ocrx_word' id='word_1_447' title='bbox 1015 1936 1192 1975; x_wconf 80' lang='grc' dir='ltr'>συνθέσεως</span> <span class='ocrx_word' id='word_1_448' title='bbox 1213 1934 1388 1978; x_wconf 81' lang='grc' dir='ltr'>φαρμάκων</span> <span class='ocrx_word' id='word_1_449' title='bbox 1402 1939 1463 1968; x_wconf 86' lang='grc' dir='ltr'>τῶν</span> <span class='ocrx_word' id='word_1_450' title='bbox 1477 1935 1561 1968; x_wconf 85' lang='grc' dir='ltr'>κατὰ</span> <span class='ocrx_word' id='word_1_451' title='bbox 1581 1935 1695 1974; x_wconf 73' lang='grc' dir='ltr'>τόπους</span> <span class='ocrx_word' id='word_1_452' title='bbox 1717 1936 1860 1969; x_wconf 86' lang='lat' dir='ltr'>dilucide</span> 
     </span>
    </p>
   </div>
   <div class='ocr_carea' id='block_1_12' title="bbox 9 1989 886 2036">
    <p class='ocr_par' dir='ltr' id='par_1_12' title="bbox 9 1989 886 2036">
     <span class='ocr_line' id='line_1_37' title="bbox 9 1989 886 2036; baseline -0.001 -14"><span class='ocrx_word' id='word_1_453' title='bbox 9 1992 18 1999; x_wconf 61' lang='lat'><em>⁶</em></span> <span class='ocrx_word' id='word_1_454' title='bbox 88 1991 122 2022; x_wconf 89' lang='lat' dir='ltr'>et</span> <span class='ocrx_word' id='word_1_455' title='bbox 141 1989 257 2031; x_wconf 89' lang='lat' dir='ltr'>paucis</span> <span class='ocrx_word' id='word_1_456' title='bbox 280 1989 464 2036; x_wconf 84' lang='lat' dir='ltr'>scripturae</span> <span class='ocrx_word' id='word_1_457' title='bbox 488 1989 696 2030; x_wconf 88' lang='lat' dir='ltr'>compendiis</span> <span class='ocrx_word' id='word_1_458' title='bbox 720 1991 886 2021; x_wconf 82' lang='lat' dir='ltr'>exaratos.</span> 
     </span>
    </p>
   </div>
   <div class='ocr_carea' id='block_1_13' title="bbox 239 2047 1908 2091">
    <p class='ocr_par' dir='ltr' id='par_1_13' title="bbox 239 2047 1908 2091">
     <span class='ocr_line' id='line_1_38' title="bbox 239 2047 1908 2091; baseline -0.002 -10"><span class='ocrx_word' id='word_1_459' title='bbox 239 2049 271 2091; x_wconf 91' lang='grc'><strong>6)</strong></span> <span class='ocrx_word' id='word_1_460' title='bbox 294 2048 329 2080; x_wconf 93' lang='lat' dir='ltr'><em>D</em></span> <span class='ocrx_word' id='word_1_461' title='bbox 343 2063 383 2076; x_wconf 92' lang='lat'>=</span> <span class='ocrx_word' id='word_1_462' title='bbox 397 2049 641 2081; x_wconf 85' lang='lat' dir='ltr'>Laurentianus</span> <span class='ocrx_word' id='word_1_463' title='bbox 656 2048 774 2081; x_wconf 90' lang='lat' dir='ltr'>LXXV</span> <span class='ocrx_word' id='word_1_464' title='bbox 789 2049 809 2080; x_wconf 91' lang='lat'>8</span> <span class='ocrx_word' id='word_1_465' title='bbox 825 2049 930 2081; x_wconf 85' lang='lat' dir='ltr'>chart.</span> <span class='ocrx_word' id='word_1_466' title='bbox 954 2047 992 2079; x_wconf 88' lang='lat'>8⁰</span> <span class='ocrx_word' id='word_1_467' title='bbox 1015 2047 1138 2080; x_wconf 86' lang='lat' dir='ltr'>saeculi</span> <span class='ocrx_word' id='word_1_468' title='bbox 1160 2047 1218 2079; x_wconf 90' lang='lat' dir='ltr'>XV</span> <span class='ocrx_word' id='word_1_469' title='bbox 1234 2047 1397 2086; x_wconf 88' lang='lat' dir='ltr'>exeuntis,</span> <span class='ocrx_word' id='word_1_470' title='bbox 1420 2048 1461 2079; x_wconf 87' lang='lat' dir='ltr'>de</span> <span class='ocrx_word' id='word_1_471' title='bbox 1485 2057 1550 2088; x_wconf 92' lang='lat' dir='ltr'>quo</span> <span class='ocrx_word' id='word_1_472' title='bbox 1567 2048 1681 2080; x_wconf 89' lang='lat' dir='ltr'>codice</span> <span class='ocrx_word' id='word_1_473' title='bbox 1704 2047 1859 2079; x_wconf 81' lang='lat' dir='ltr'>conseras</span> <span class='ocrx_word' id='word_1_474' title='bbox 1878 2050 1908 2077; x_wconf 90' lang='lat' dir='ltr'><em>D</em></span> 
     </span>
    </p>
   </div>
   <div class='ocr_carea' id='block_1_14' title="bbox 91 2098 1860 2141">
    <p class='ocr_par' dir='ltr' id='par_1_14' title="bbox 91 2098 1860 2141">
     <span class='ocr_line' id='line_1_39' title="bbox 91 2098 1860 2141; baseline -0.002 -8"><span class='ocrx_word' id='word_1_475' title='bbox 91 2100 251 2133; x_wconf 84' lang='lat' dir='ltr'>Bandinii</span> <span class='ocrx_word' id='word_1_476' title='bbox 280 2100 468 2141; x_wconf 79' lang='lat' dir='ltr'>catalogum</span> <span class='ocrx_word' id='word_1_477' title='bbox 489 2101 553 2132; x_wconf 89' lang='lat' dir='ltr'>vol.</span> <span class='ocrx_word' id='word_1_478' title='bbox 582 2100 623 2132; x_wconf 85' lang='lat'>111</span> <span class='ocrx_word' id='word_1_479' title='bbox 644 2110 676 2141; x_wconf 89' lang='lat' dir='ltr'>p.</span> <span class='ocrx_word' id='word_1_480' title='bbox 701 2100 878 2132; x_wconf 85' lang='lat'>153—155.</span> <span class='ocrx_word' id='word_1_481' title='bbox 923 2099 959 2131; x_wconf 90' lang='lat' dir='ltr'>In</span> <span class='ocrx_word' id='word_1_482' title='bbox 983 2099 1047 2131; x_wconf 90' lang='lat' dir='ltr'>hoc</span> <span class='ocrx_word' id='word_1_483' title='bbox 1074 2099 1188 2131; x_wconf 86' lang='lat' dir='ltr'>codice</span> <span class='ocrx_word' id='word_1_484' title='bbox 1215 2101 1293 2139; x_wconf 85' lang='lat' dir='ltr'>post</span> <span class='ocrx_word' id='word_1_485' title='bbox 1318 2098 1461 2130; x_wconf 90' lang='lat' dir='ltr'>indicem</span> <span class='ocrx_word' id='word_1_486' title='bbox 1484 2099 1629 2139; x_wconf 89' lang='lat' dir='ltr'>capitum</span> <span class='ocrx_word' id='word_1_487' title='bbox 1653 2099 1860 2139; x_wconf 82' lang='lat' dir='ltr'>singulorum</span> 
     </span>
    </p>
   </div>
   <div class='ocr_carea' id='block_1_15' title="bbox 87 2150 1446 2192">
    <p class='ocr_par' dir='ltr' id='par_1_15' title="bbox 0 2134 1446 2192">
     <span class='ocr_line' id='line_1_40' title="bbox 87 2150 1446 2192; baseline -0.003 -7.241"><span class='ocrx_word' id='word_1_488' title='bbox 87 2152 250 2185; x_wconf 88' lang='lat' dir='ltr'>librorum</span> <span class='ocrx_word' id='word_1_489' title='bbox 272 2151 389 2184; x_wconf 85' lang='lat' dir='ltr'>Galeni</span> <span class='ocrx_word' id='word_1_490' title='bbox 413 2151 454 2184; x_wconf 93' lang='lat' dir='ltr'>de</span> <span class='ocrx_word' id='word_1_491' title='bbox 477 2161 626 2192; x_wconf 89' lang='lat' dir='ltr'>compos.</span> <span class='ocrx_word' id='word_1_492' title='bbox 650 2151 769 2183; x_wconf 85' lang='lat' dir='ltr'>medic.</span> <span class='ocrx_word' id='word_1_493' title='bbox 794 2161 860 2183; x_wconf 90' lang='lat' dir='ltr'>sec.</span> <span class='ocrx_word' id='word_1_494' title='bbox 883 2151 959 2183; x_wconf 87' lang='lat' dir='ltr'>loca</span> <span class='ocrx_word' id='word_1_495' title='bbox 981 2150 1064 2183; x_wconf 86' lang='lat' dir='ltr'>haec</span> <span class='ocrx_word' id='word_1_496' title='bbox 1088 2150 1240 2190; x_wconf 75' lang='lat' dir='ltr'>leguntur</span> <span class='ocrx_word' id='word_1_497' title='bbox 1263 2150 1446 2190; x_wconf 87' lang='lat' dir='ltr'>poematia:</span> 
     </span>
    </p>
   </div>
   <div class='ocr_carea' id='block_1_16' title="bbox 239 2213 1859 2258">
    <p class='ocr_par' dir='ltr' id='par_1_16' title="bbox 239 2213 1859 2258">
     <span class='ocr_line' id='line_1_41' title="bbox 239 2213 1859 2258; baseline -0.001 -10"><span class='ocrx_word' id='word_1_498' title='bbox 239 2216 262 2249; x_wconf 90' lang='lat'>1.</span> <span class='ocrx_word' id='word_1_499' title='bbox 305 2216 375 2248; x_wconf 85' lang='lat' dir='ltr'>Fol.</span> <span class='ocrx_word' id='word_1_500' title='bbox 399 2217 471 2248; x_wconf 61' lang='lat'>18³:</span> <span class='ocrx_word' id='word_1_501' title='bbox 499 2215 630 2258; x_wconf 85' lang='grc' dir='ltr'>στίχοι</span> <span class='ocrx_word' id='word_1_502' title='bbox 652 2215 706 2254; x_wconf 79' lang='grc' dir='ltr'>εἰς</span> <span class='ocrx_word' id='word_1_503' title='bbox 726 2214 790 2247; x_wconf 87' lang='grc' dir='ltr'>τὸν</span> <span class='ocrx_word' id='word_1_504' title='bbox 811 2214 956 2247; x_wconf 81' lang='grc' dir='ltr'>πίνακα</span> <span class='ocrx_word' id='word_1_505' title='bbox 977 2216 1043 2256; x_wconf 82' lang='grc' dir='ltr'>τῆς</span> <span class='ocrx_word' id='word_1_506' title='bbox 1064 2216 1131 2246; x_wconf 90' lang='grc' dir='ltr'>τοῦ</span> <span class='ocrx_word' id='word_1_507' title='bbox 1152 2213 1326 2255; x_wconf 85' lang='grc' dir='ltr'>γαληνοῦ</span> <span class='ocrx_word' id='word_1_508' title='bbox 1349 2213 1484 2256; x_wconf 87' lang='grc' dir='ltr'>βίβλου</span> <span class='ocrx_word' id='word_1_509' title='bbox 1507 2213 1603 2254; x_wconf 86' lang='lat' dir='ltr'>(haec</span> <span class='ocrx_word' id='word_1_510' title='bbox 1626 2214 1801 2255; x_wconf 88' lang='lat' dir='ltr'>inscriptio</span> <span class='ocrx_word' id='word_1_511' title='bbox 1825 2214 1859 2246; x_wconf 93' lang='lat' dir='ltr'>in</span> 
     </span>
    </p>
   </div>
   <div class='ocr_carea' id='block_1_17' title="bbox 9 2248 607 2309">
    <p class='ocr_par' dir='ltr' id='par_1_17' title="bbox 9 2248 607 2309">
     <span class='ocr_line' id='line_1_42' title="bbox 9 2248 607 2309; baseline -0.002 -9"><span class='ocrx_word' id='word_1_512' title='bbox 9 2248 20 2272; x_wconf 12' lang='grc' dir='ltr'>γ’</span> <span class='ocrx_word' id='word_1_513' title='bbox 86 2267 237 2309; x_wconf 79' lang='lat' dir='ltr'>margine</span> <span class='ocrx_word' id='word_1_514' title='bbox 261 2267 362 2300; x_wconf 86' lang='lat' dir='ltr'>rubro</span> <span class='ocrx_word' id='word_1_515' title='bbox 385 2267 510 2308; x_wconf 86' lang='lat' dir='ltr'>scripta</span> <span class='ocrx_word' id='word_1_516' title='bbox 533 2266 607 2308; x_wconf 89' lang='lat' dir='ltr'>est).</span> 
     </span>
    </p>
   </div>
   <div class='ocr_carea' id='block_1_18' title="bbox 576 2315 1422 2565">
    <p class='ocr_par' dir='ltr' id='par_1_18' title="bbox 576 2315 1422 2411">
     <span class='ocr_line' id='line_1_43' title="bbox 576 2315 1422 2360; baseline -0.004 -10"><span class='ocrx_word' id='word_1_517' title='bbox 576 2317 631 2356; x_wconf 83' lang='grc' dir='ltr'>Εἰς</span> <span class='ocrx_word' id='word_1_518' title='bbox 653 2317 687 2350; x_wconf 80' lang='grc' dir='ltr'>ἓν</span> <span class='ocrx_word' id='word_1_519' title='bbox 708 2316 814 2360; x_wconf 83' lang='grc' dir='ltr'>λαβών</span> <span class='ocrx_word' id='word_1_520' title='bbox 836 2316 912 2358; x_wconf 86' lang='lat' dir='ltr'>(sic)</span> <span class='ocrx_word' id='word_1_521' title='bbox 935 2315 1058 2348; x_wconf 85' lang='grc' dir='ltr'>ἅπαντα</span> <span class='ocrx_word' id='word_1_522' title='bbox 1078 2315 1187 2348; x_wconf 89' lang='grc' dir='ltr'>πολλῶ</span> <span class='ocrx_word' id='word_1_523' title='bbox 1208 2315 1252 2348; x_wconf 90' lang='grc' dir='ltr'>τῶ</span> <span class='ocrx_word' id='word_1_524' title='bbox 1273 2315 1358 2348; x_wconf 85' lang='grc' dir='ltr'>πόνω</span> <span class='ocrx_word' id='word_1_525' title='bbox 1380 2334 1422 2339; x_wconf 89' lang='lat'>—-</span> 
     </span>
     <span class='ocr_line' id='line_1_44' title="bbox 580 2366 1212 2411; baseline -0.005 -10"><span class='ocrx_word' id='word_1_526' title='bbox 580 2367 659 2411; x_wconf 85' lang='grc' dir='ltr'>ἅπερ</span> <span class='ocrx_word' id='word_1_527' title='bbox 681 2371 816 2411; x_wconf 82' lang='grc' dir='ltr'>παριστᾶ</span> <span class='ocrx_word' id='word_1_528' title='bbox 838 2367 999 2410; x_wconf 86' lang='grc' dir='ltr'>δυσχερῶς</span> <span class='ocrx_word' id='word_1_529' title='bbox 1020 2366 1055 2399; x_wconf 83' lang='grc' dir='ltr'>τὸ</span> <span class='ocrx_word' id='word_1_530' title='bbox 1076 2366 1212 2407; x_wconf 87' lang='grc' dir='ltr'>πυκτίον,</span> 
     </span>
    </p>

    <p class='ocr_par' dir='ltr' id='par_1_19' title="bbox 577 2417 1301 2513">
     <span class='ocr_line' id='line_1_45' title="bbox 577 2417 1249 2462; baseline -0.004 -10"><span class='ocrx_word' id='word_1_531' title='bbox 577 2419 708 2452; x_wconf 67' lang='grc' dir='ltr'>τέθεικα</span> <span class='ocrx_word' id='word_1_532' title='bbox 730 2423 817 2462; x_wconf 82' lang='grc' dir='ltr'>σαφῆ</span> <span class='ocrx_word' id='word_1_533' title='bbox 839 2423 902 2457; x_wconf 84' lang='grc' dir='ltr'>τοῖς</span> <span class='ocrx_word' id='word_1_534' title='bbox 923 2418 1058 2451; x_wconf 80' lang='grc' dir='ltr'>ποθοῦσι</span> <span class='ocrx_word' id='word_1_535' title='bbox 1080 2417 1249 2460; x_wconf 71' lang='grc' dir='ltr'>μανθάνειν</span> 
     </span>
     <span class='ocr_line' id='line_1_46' title="bbox 577 2467 1225 2513; baseline -0.003 -10"><span class='ocrx_word' id='word_1_536' title='bbox 577 2470 724 2513; x_wconf 78' lang='grc' dir='ltr'>ἄμοχθον</span> <span class='ocrx_word' id='word_1_537' title='bbox 746 2467 849 2509; x_wconf 72' lang='grc' dir='ltr'>αὐτοῖς</span> <span class='ocrx_word' id='word_1_538' title='bbox 871 2469 988 2512; x_wconf 78' lang='grc' dir='ltr'>εὐχερῆ</span> <span class='ocrx_word' id='word_1_539' title='bbox 1011 2468 1112 2507; x_wconf 78' lang='grc' dir='ltr'>διδοὺς</span> <span class='ocrx_word' id='word_1_540' title='bbox 1133 2468 1225 2511; x_wconf 84' lang='grc' dir='ltr'>χάριν</span> 
     </span>
    </p>

    <p class='ocr_par' dir='ltr' id='par_1_20' title="bbox 578 2519 1203 2565">
     <span class='ocr_line' id='line_1_47' title="bbox 578 2519 1203 2565; baseline -0.005 -11"><span class='ocrx_word' id='word_1_541' title='bbox 578 2522 696 2555; x_wconf 83' lang='grc' dir='ltr'>πίνακα</span> <span class='ocrx_word' id='word_1_542' title='bbox 716 2523 798 2565; x_wconf 83' lang='grc' dir='ltr'>χειρὶ</span> <span class='ocrx_word' id='word_1_543' title='bbox 818 2525 873 2554; x_wconf 87' lang='grc' dir='ltr'>τοῦ</span> <span class='ocrx_word' id='word_1_544' title='bbox 895 2521 1047 2564; x_wconf 73' lang='grc' dir='ltr'>παρόντος</span> <span class='ocrx_word' id='word_1_545' title='bbox 1070 2519 1203 2563; x_wconf 88' lang='grc' dir='ltr'>βιβλίου·</span> 
     </span>
    </p>
   </div>
  </div>
 </body>
</html>
