2138 2748
949 273 966 304 7

68 378 143 410 loco
171 376 333 417 Georgius
362 377 570 414 nominatur,
600 376 633 408 in
663 376 771 417 quarti
802 375 877 408 libri
907 376 997 408 exitu
1026 376 1096 416 (fol.
1130 376 1221 417 131')
1248 376 1381 416 plenius
1411 386 1534 408 nomen
1569 386 1666 408 suum
1699 376 1843 417 profert:

66 426 215 470 γιώργιος
231 425 248 459 ὁ
263 425 402 469 ἀβασγός
419 429 468 468 -}—.
510 427 609 459 Liber
625 427 667 460 IX
683 427 898 468 imperfectus
914 427 1038 459 desinit
1054 427 1123 468 (fol.
1139 428 1236 468 264v)
1254 428 1307 460 his
1322 428 1451 460 verbis:
1473 427 1619 469 καὶπρὸς
1632 426 1668 460 τὸ
1691 426 1842 469 μέγαθος·

68 479 127 512 ῐνιι
150 478 185 511 δέ
208 478 374 521 ἐπιμελῶς·
398 478 448 510 ἐπὶ
470 479 534 521 μὲν,
559 488 644 520 quae
666 478 769 511 verba
792 479 827 511 in
850 478 998 511 editione
1021 478 1220 511 Kuehniana
1238 479 1390 519 leguntur
1408 479 1472 511 vol.
1495 479 1564 511 xm
1588 489 1618 520 p.
1642 479 1715 517 305,
1736 479 1843 511 5-6.

67 531 260 572 Sequuntur
288 530 322 562 in
350 528 386 561 F
409 530 488 562 alia:
522 528 678 571 Θεοφίλου
711 530 781 571 περὶ
806 530 862 571 τῆς
887 529 942 561 τοῦ
972 528 1141 571 ἀνθρώπου
1170 530 1370 571 κατασκευῆς
1404 530 1511 572 (cuius
1541 530 1616 562 libri
1646 530 1777 562 initium
1808 530 1842 561 in

68 581 148 615 solio
167 582 204 613 1v
220 581 381 622 scriptum
398 581 476 623 est);
499 580 643 623 Γαληνοῦ
666 579 844 623 διαγνώσεις
857 581 913 612 καὶ
927 580 1096 622 θεραπεῖαι
1110 580 1188 623 πρὸς
1210 581 1340 624 βασιλέα
1361 581 1414 613 τὸν
1436 581 1724 623 πορφυρογέννητον
1739 581 1840 622 (cons.

67 633 226 667 Carolum
246 632 452 673 Daremberg
469 628 611 664 ‘Notioes
632 633 663 664 et
683 631 818 664 extraite
838 631 892 664 des
912 631 1107 664 manuscrits
1128 632 1294 665 medicam·
1314 631 1383 665 etc?
1407 633 1418 664 1
1442 633 1578 666 Parisiis
1598 634 1678 665 1853
1701 643 1732 674 p.
1754 633 1841 673 139);

66 685 137 727 περὶ
158 682 317 726 δυνάμεων
338 683 460 725 τροφῶν
481 683 583 723 (eonf.
607 684 812 724 Daremberg
835 684 855 716 l.
872 684 928 724 c.);
953 684 1028 723 alia,
1052 684 1093 716 de
1117 684 1236 725 quibus
1253 684 1367 716 videas
1383 684 1533 717 Omontii
1551 680 1753 716 ‘Inventaire
1773 682 1840 716 etc?

66 735 95 769 11
114 745 147 777 p.
170 736 233 768 206
260 734 315 777 (de
339 735 525 776 fragmento
553 734 609 766 τοῦ
636 731 726 776 ἁγίου
753 733 928 777 Γρηγορίου
951 734 1124 767 ἐπισκόπου
1146 734 1260 777 νύσσης
1281 735 1320 767 ἐκ
1341 735 1396 767 τοῦ
1417 735 1494 777 πρὸς
1515 732 1724 778 ἀστρονόμους
1746 734 1843 778 λόγου

69 786 156 820 conf.
178 787 384 827 Daremberg
407 786 427 818 1.
451 795 479 818 c.
501 796 534 827 p.
561 786 621 818 140
644 785 717 827 sq).

218 871 250 913 9)
277 870 306 903 G
330 885 368 898 =
392 870 636 903 Laurentianus
659 871 774 904 LXXV
800 871 835 903 17
859 871 971 903 bomb.
995 870 1038 903 8⁰
1061 871 1182 904 saeculi
1199 871 1271 904 XIV
1294 872 1450 911 incuntis,
1475 872 1508 904 in
1532 882 1597 914 quo
1621 872 1774 913 leguntur
1797 872 1843 911 hi,
1863 871 1887 898 G

67 922 109 955 de
126 922 247 965 quibus
264 922 382 963 agitur,
395 921 510 954 Galeni
531 922 606 954 libri
627 922 703 954 inde
716 933 736 954 a
749 922 828 954 folio
841 922 876 960 4;
895 922 982 955 conf.
995 922 1036 954 de
1050 923 1114 955 hoc
1128 923 1242 955 codice
1256 923 1413 955 Bandinii
1427 923 1613 965 catalogum
1626 923 1665 956 111
1676 934 1708 965 p.
1720 924 1779 956 165
1792 935 1841 966 sq.

221 978 272 1020 10)
298 977 338 1010 H
355 992 394 1005 =
419 978 565 1010 Venetus
588 978 778 1011 Marcianus
801 979 864 1011 280
887 978 981 1020 (olim
1004 979 1231 1020 Bessarionis)
1254 980 1394 1011 membr.
1419 979 1475 1011 fol.
1494 979 1622 1012 Romae
1645 990 1735 1012 anno
1762 980 1843 1012 1470
1861 979 1894 1006 Η

0 1013 2 1036 ³
67 1030 110 1065 ab
131 1030 257 1063 Ioanne
279 1030 398 1062 Rhoso
422 1030 567 1070 scriptus
589 1031 676 1062 teste
699 1030 761 1062 hac
786 1030 1049 1070 subscriptione:
1077 1029 1230 1072 ἐτελέσθη
1259 1030 1292 1062 ἐν
1321 1029 1411 1072 ῥώμη
1434 1031 1517 1062 τουτὶ
1545 1029 1580 1062 τὸ
1608 1030 1734 1073 βιβλίον,
1762 1032 1843 1073 χειρὶ

69 1082 124 1126 μὲν
144 1079 274 1114 Ζωάννου
297 1079 507 1123 πρεσβυτέρου
535 1077 638 1122 ῥώσου
666 1083 722 1112 τοῦ
749 1079 874 1122 κρητὸς,
904 1079 1086 1123 ἀναλώμασι
1114 1081 1149 1113 δὲ
1172 1080 1415 1124 αἰδεσιμωτάτου
1437 1080 1527 1124 ήμῶν
1548 1081 1700 1115 δεσπότου
1724 1082 1843 1125 βησσα·

67 1133 174 1176 ρίωνος
194 1131 406 1174 καρδινάλεως
427 1134 482 1173 τῆς
504 1130 633 1174 σαβίνης
654 1132 709 1163 καὶ
724 1130 920 1174 πατριάρχου
934 1131 1289 1173 κωνσταντινουπόλεως,
1313 1133 1344 1165 ἐν
1367 1133 1428 1165 ἔτει
1447 1132 1510 1165 ἀπὸ
1525 1133 1654 1175 χριστοῦ
1675 1133 1843 1175 γεννέσαως

67 1194 145 1217 ²⁰0·
166 1183 335 1276 mtinlslk
353 1249 392 1262 =
416 1234 590 1267 Parisinus
613 1235 697 1267 2173
722 1234 882 1276 (Colbert.
906 1234 1002 1276 2622)
1027 1235 1132 1267 chart.
1156 1245 1243 1267 saec.
1266 1236 1347 1274 XVI,
1375 1246 1440 1277 quo
1465 1237 1680 1269 continentur
1704 1237 1759 1269 fol.
1783 1237 1842 1269 75τ
1861 1234 1892 1261 K

68 1287 197 1320 ——318v
224 1285 368 1328 Γαληνοῦ
394 1286 464 1328 περὶ
491 1285 668 1324 συνθέσεως
694 1285 868 1328 φαρμάκων
896 1287 957 1318 τῶν
984 1285 1067 1318 κατὰ
1095 1285 1208 1324 τόπους
1235 1286 1352 1329 (βιβλία
1381 1286 1411 1328 ι’)
1441 1297 1481 1319 ex
1505 1288 1625 1320 eodem
1648 1288 1773 1326 codice,
1801 1299 1841 1320 ex

0 1350 1 1355 ¹
68 1348 134 1382 quo
156 1337 263 1371 codex
286 1336 328 1369 H
344 1336 501 1376 manavit,
523 1337 736 1379 transcripta.

0 1628 7 1776 *Ἷψμ-»ψν-
0 1519 4 1606 ..ν-,Μ

220 1392 272 1434 12)
295 1391 326 1423 L
349 1407 388 1419 =
412 1393 592 1425 Vaticanus
614 1392 787 1424 Palatinus
810 1393 852 1424 54
875 1393 980 1425 chart.
1003 1392 1060 1424 t'ol.
1078 1403 1164 1425 saec.
1188 1393 1370 1432 Xv—XVL
1394 1404 1459 1435 quo
1483 1395 1699 1427 continentur
1722 1395 1841 1434 eidem.
1860 1396 1886 1424 L

66 1445 108 1478 de
130 1443 250 1486 quibus
273 1443 390 1484 agatur,
414 1443 490 1475 libri
513 1443 729 1485 neglegenter
751 1443 867 1484 scripti
890 1443 968 1475 inde
990 1453 1011 1476 a
1034 1444 1114 1476 folio
1141 1445 1223 1477 103v
1247 1455 1353 1486 usque
1375 1445 1419 1478 ad
1443 1445 1559 1477 folium
1582 1446 1654 1478 307.

74 1489 77 1493 ’
221 1495 273 1536 13)
297 1495 334 1527 In
357 1494 472 1527 codice
494 1494 649 1527 Parisino
673 1494 758 1527 2164
780 1494 885 1527 chart.
911 1505 997 1527 saec.
1021 1495 1092 1527 XVI
1116 1495 1218 1536 (conf.
1242 1495 1330 1528 infra
1352 1506 1383 1537 p.
1410 1497 1448 1528 15
1477 1499 1510 1528 et
1539 1497 1688 1529 Omontii
1707 1493 1840 1529 ‘Inven-

67 1545 148 1580 taire
169 1543 235 1579 etc.³
259 1546 286 1578 ΙΙ
308 1556 340 1587 p.
363 1546 439 1587 208)
464 1546 578 1578 insunt
601 1546 762 1584 eiusdem,
785 1546 827 1578 de
850 1556 916 1587 quo
939 1547 1056 1587 agitur,
1080 1547 1192 1588 operis
1215 1547 1389 1580 Galeniani
1414 1548 1499 1580 liber
1519 1548 1533 1580 I
1555 1550 1587 1580 et
1611 1548 1695 1580 liber
1718 1549 1742 1580 11
1767 1549 1840 1587 soli,

67 1597 188 1640 quibus
210 1597 420 1631 Damocratis
444 1597 667 1639 fragmentum
691 1598 882 1630 continetur
905 1598 1042 1630 nullum.

223 1653 273 1695 14)
297 1654 447 1695 Denique
471 1655 557 1686 teste
579 1653 726 1685 Henrico
757 1654 883 1686 Omont
906 1652 1103 1695 (Cataloque
1124 1653 1177 1686 des
1204 1653 1398 1686 mnuscrits
1417 1664 1505 1695 precs
1526 1654 1579 1686 des
1600 1654 1840 1696 department&

69 1704 209 1738 Parisiis
240 1704 321 1737 1886
348 1715 381 1746 p.
410 1704 719 1747 70)·bibliothecae
742 1701 793 1736 ‘de
823 1704 868 1737 M.
903 1704 930 1736 le
960 1704 1105 1745 marquis
1136 1704 1174 1736 dc
1201 1702 1360 1737 Rosanbo’
1385 1706 1432 1747 (in
1463 1706 1622 1747 oppidulo
1651 1707 1841 1748 quindecim

67 1756 138 1789 fere
165 1755 300 1788 milibus
328 1756 468 1788 Parisiis
498 1756 657 1797 distante)
688 1756 803 1788 codice
834 1756 896 1788 286
931 1756 1135 1788 continetur:
1169 1756 1306 1796 „Galerii
1341 1757 1382 1788 de
1417 1757 1662 1798 compositione
1696 1758 1842 1790 medica-

67 1809 258 1840 mentorum
287 1817 347 1848 per
377 1807 507 1848 singula
536 1808 610 1840 loca
639 1807 724 1840 liber
750 1807 789 1840 X.
840 1807 909 1839 Fol.
939 1808 996 1839 90.
1024 1806 1168 1849 Γαληνοῦ
1189 1808 1260 1849 περὶ
1281 1807 1459 1846 συνθέσεως
1480 1807 1655 1851 φαρμάκων
1676 1811 1737 1841 τῶν
1758 1808 1842 1841 κατὰ

66 1857 179 1897 τόπους
205 1857 403 1897 πεπονθότας
430 1858 490 1891 τῶν
523 1859 566 1896 εἰς
594 1857 611 1890 ι’
639 1857 674 1891 τὸ
704 1857 845 1890 δέκατον.
896 1857 974 1900 Περὶ
1000 1858 1188 1900 νεφριτικῶν.
1227 1857 1299 1890 Ὅτι
1328 1859 1382 1901 μὲν
1410 1858 1615 1901 νεφριτικάς.

68 1908 269 1952 ἀναλάμβανε
292 1934 299 1942 .
357 1908 424 1942 Χ
428 1908 489 1941 VI
504 1909 600 1942 siecle.
646 1908 774 1951 Papier.
819 1908 971 1941 Feuillets
994 1910 1088 1942 90-
1101 1909 1173 1942 300.
1198 1910 1262 1942 300
1275 1920 1335 1941 sur
1349 1911 1412 1943 226
1427 1909 1546 1943 millim.
1564 1910 1632 1942 Rel.
1639 1883 1841 1951 parchemin.

68 1979 109 1985 —
133 1959 280 2002 (Ancien.
303 1960 346 1992 ’1ιο
370 1960 464 2003 13.).**
513 1961 610 1993 Hunc
639 1961 789 1993 codicem
818 1961 1005 1993 accuratius
1030 1961 1288 1993 examinandum
1312 1972 1387 1994 esso
1411 1971 1479 1994 non
1509 1962 1598 2001 duxi,
1627 1963 1785 2003 quoniam
1809 1965 1842 1995 et

6 2037 9 2044 .
37 2007 40 2010 ’
69 2012 321 2045 recentissimus
344 2014 396 2044 est
419 2014 452 2044 et
473 2012 596 2044 librum
620 2011 785 2044 decimum
810 2013 918 2044 solum
942 2013 1103 2045 continet.

220 2097 270 2130 nli
293 2097 470 2129 duodecim
493 2097 626 2129 codices
650 2097 753 2138 (num.
769 2097 883 2138 1-12)
908 2097 954 2129 ita
977 2097 1010 2130 in
1025 2098 1091 2130 duo
1116 2098 1276 2130 secedunt
1299 2108 1430 2138 genera,
1454 2101 1489 2131 ut
1505 2099 1549 2131 ad
1564 2099 1705 2131 alterum
1722 2099 1840 2131 arche—

67 2150 182 2190 typum
197 2148 407 2189 deperditum
430 2149 569 2181 redeant
593 2149 726 2180 codices
742 2147 772 2180 A
784 2147 816 2180 B
832 2148 920 2190 (cum
935 2149 1100 2181 Parisinis
1117 2150 1209 2181 2158.
1226 2150 1322 2190 2156)
1348 2148 1377 2181 O
1384 2149 1418 2181 D
1429 2150 1476 2191 (in
1492 2152 1586 2191 parte
1602 2150 1742 2190 maiore)
1755 2149 1791 2182 E
1799 2149 1840 2188 F,

68 2200 110 2233 ad
122 2200 265 2232 alterum
277 2200 493 2241 archetypum
505 2209 610 2241 aeque
622 2200 833 2241 deperditum
846 2200 978 2232 codices
997 2199 1076 2232 GH
1081 2199 1119 2232 K
1125 2200 1160 2232 D
1173 2201 1222 2242 (in
1236 2203 1332 2242 parte
1348 2200 1492 2242 minore)
1508 2200 1549 2232 L.
1594 2201 1684 2234 Illius
1706 2202 1840 2241 generis

70 2251 293 2284 duaerursus
315 2251 461 2283 familiae
485 2251 741 2292 distinguendae
764 2253 852 2290 sunt,
870 2261 1011 2292 quarum
1026 2251 1131 2283 altera
1149 2254 1420 2292 repraesentatur
1435 2252 1607 2284 codicibus
1630 2251 1659 2284 A
1673 2251 1713 2289 Β,
1736 2252 1841 2285 altera

71 2302 242 2335 codicibus
257 2301 320 2334 C'D
331 2302 379 2344 (in
390 2304 484 2343 parte
497 2303 635 2343 maiore)
647 2302 682 2334 E
687 2314 695 2340 ;
708 2302 854 2335 medium
868 2302 1115 2343 quodammodo
1129 2303 1216 2335 inter
1222 2305 1396 2343 utramque
1406 2303 1566 2335 familiam
1578 2303 1688 2336 locum
1701 2306 1841 2344 occupat

70 2354 175 2386 codex
190 2353 226 2386 F
244 2354 459 2395 neglegenter
481 2354 636 2395 scriptus,
659 2354 705 2386 ita
727 2357 851 2392 tamen,
873 2356 909 2386 ut
930 2354 1061 2395 saepius
1078 2364 1152 2386 cum
1168 2352 1231 2385 AB
1245 2354 1344 2386 saciat
1359 2364 1458 2394 quam
1474 2364 1549 2386 cum
1567 2353 1667 2386 GDE.
1697 2354 1840 2387 Codices

68 2404 100 2436 A
121 2407 154 2438 et
175 2404 216 2444 Β,
239 2405 295 2446 qui
318 2405 423 2437 multo
446 2405 591 2437 deterior
615 2407 666 2437 est
688 2405 803 2437 codice
825 2404 865 2443 A.
896 2405 1108 2437 librariorum
1138 2405 1266 2437 incuria
1288 2415 1357 2437 non
1380 2405 1495 2446 paucis
1519 2405 1652 2437 mendis
1676 2405 1839 2447 inquinati

72 2458 160 2488 sunt.
190 2457 305 2488 Bonae
328 2458 438 2494 notae,
463 2457 522 2488 sed
545 2456 747 2488 coniecturis
772 2456 1153 2497 interpolationibusque
1177 2458 1358 2497 temptatus
1381 2457 1442 2488 fuit
1466 2456 1494 2488 is
1513 2457 1606 2495 liber,
1629 2467 1670 2489 ex
1685 2467 1752 2498 quo
1769 2456 1843 2489 OD

25 2543 27 2549 ¹
70 2507 119 2549 (in
140 2509 237 2548 parte
259 2507 400 2549 maiore)
424 2507 459 2539 Ε
479 2507 612 2539 codices
640 2508 886 2548 profluxerunt3
920 2517 1094 2540 numerum
1130 2508 1248 2540 harum
1282 2508 1577 2550 interpolationum
1611 2517 1672 2540 suo
1702 2511 1841 2550 uterque
