2138 2748
1171 261 1212 293 10

305 368 382 398 sunt
397 376 436 399 ac
450 366 558 407 primo
586 365 719 406 quidem
736 365 975 406 pedetemptim
998 375 1037 397 ac
1051 375 1112 406 per
1128 365 1210 397 satis
1232 366 1333 406 longa
1355 365 1530 398 intervalla
1551 365 1608 398 alii
1631 365 1799 398 nonnulli:
1820 366 1959 407 primus,
1982 366 2072 408 quod

304 418 417 458 sciam,
440 418 492 449 W.
515 417 712 455 Hamacher,
743 417 798 457 qui
827 416 861 448 in
886 416 1019 448 schedis
1043 416 1167 448 criticis
1190 417 1271 457 Aug.
1295 417 1392 449 Trev.
1416 427 1446 449 a.
1472 417 1553 449 1858
1577 416 1686 456 editis,
1709 413 1934 458 ‘praecanam’
1959 417 2070 457 etiam,

304 469 393 510 quod
415 471 528 509 aperte
551 468 688 500 Persius
710 468 777 499 iam
800 468 888 508 legit,
910 478 1087 509 perperam
1110 470 1224 509 spreto
1257 487 1283 491 -—
1317 478 1395 501 nam
1419 468 1488 500 sive
1506 467 1744 510 ‘praepropere
1773 464 1900 502 canum'
1925 469 2072 511 explices

305 521 373 552 sive
396 517 504 552 ‘valde
534 515 674 558 canum³‚
703 529 768 560 qua
796 519 837 551 de
866 529 902 551 re
925 519 1070 552 dubitari
1091 520 1209 560 possit,
1239 520 1424 553 mutatione
1453 522 1542 553 certe
1571 530 1640 552 non
1663 522 1738 562 eget
1769 540 1810 560 -,
1844 521 2072 554 infelicissime

302 572 477 613 proposuit
485 571 531 613 (2)
540 570 574 612 ‘p
583 581 650 603 rae
659 581 703 602 co
712 581 801 603 nem
813 571 861 603 do
870 571 954 603 tibu
963 581 978 603 s
991 581 1039 612 ap
1048 573 1088 603 tu
1095 570 1148 603 m’.
1172 571 1269 610 Quod
1282 581 1356 603 cum
1369 582 1388 604 a
1401 571 1534 603 nemine
1545 572 1724 613 probatum
1737 572 1790 611 sit,
1801 582 1861 613 per
1873 571 2072 605 decennium

304 624 484 664 insequens
506 624 609 655 verba
632 623 688 655 illa
710 623 845 662 intacta,
869 623 958 664 quod
982 623 1096 662 sciam,
1119 625 1332 662 manserunt;
1361 625 1432 655 tum
1454 633 1533 656 vero
1558 625 1670 665 spreta
1692 623 1826 665 quidem
1847 623 2072 659 Doederleinii

303 675 579 716 interpretatione
596 684 658 707 nec
673 674 784 707 minus
801 676 890 706 recte
904 674 1059 706 Meinekii
1074 674 1301 707 coniecturam
1316 675 1471 716 lepidam,
1488 674 1548 707 sed
1560 685 1630 707 non
1640 675 1849 716 prohabilem
1865 674 2072 716 existimaus»,

301 726 450 767 vestigiis
471 729 584 758 tamen
609 726 679 758 eius
703 726 865 758 insistens
888 726 1082 767 lusibusque
1105 728 1220 767 aptum
1242 727 1353 758 locum
1381 728 1472 758 ratus
1497 726 1570 767 ipsa
1592 726 1675 758 haec
1696 727 1799 759 verba
1821 726 1868 767 (3)
1896 724 2072 760 ‘lusibus

302 777 463 819 aptum’,
487 778 714 810 coniecturam
737 779 770 809 et
793 777 901 818 ipsam
924 777 1004 809 item
1026 777 1182 818 lepidam,
1206 778 1267 809 sed
1288 788 1357 810 non
1384 777 1604 819 probabilem,
1633 787 1702 810 non
1730 779 1860 811 tantum
1886 778 2072 821 proposuit,

303 830 363 862 sed
384 831 435 862 vel
459 830 494 861 in
517 831 695 862 verborum
719 829 871 861 ordinem
895 829 1021 870 recepit
1043 829 1123 861 Otto
1145 829 1296 861 Ribbeck
1317 839 1346 861 a.
1372 829 1468 868 1869;
1492 839 1557 870 qua
1579 829 1771 862 coniectura
1794 831 1883 861 certe
1905 828 2072 863 tolerabili

302 882 406 913 multo
434 881 530 922 peior
553 892 592 913 ea
616 891 715 922 quam
738 891 827 913 anno
850 883 929 922 post
951 881 986 913 in
1008 881 1225 914 adnotatione
1247 881 1291 913 ad
1313 882 1345 913 h.
1368 881 1389 913 l.
1413 881 1688 913 commemoravit
1711 882 1749 914 Ο.
1762 881 1872 914 Κ91191·
1893 882 1936 914 ab
1960 881 2071 923 operis

304 933 396 964 socio
412 933 548 964 Alfredo
561 933 687 964 Holder
703 932 924 972 excogitatam
940 932 986 973 (4)
996 929 1028 964 ‘s
1038 932 1186 964 odibus
1202 931 1364 973 aptum’,
1389 933 1479 974 quod
1493 935 1562 965 tam
1576 943 1682 974 prope
1697 933 1740 965 ad
1756 933 1956 974 scripturam
1969 932 2073 967 tradi-

302 986 369 1015 tam
386 984 514 1016 accedit
538 994 637 1025 quam
653 985 751 1024 longe
767 985 809 1015 ab
826 984 919 1016 omni
942 984 1073 1024 linguae
1085 983 1223 1016 Latinae
1245 994 1318 1023 usu,
1342 986 1502 1026 quantum
1524 984 1608 1016 mihi
1631 985 1764 1026 quidem
1787 984 1944 1024 innotuit,
1965 985 2071 1019 abest.

303 1036 371 1068 Sed
382 1036 476 1074 haee,
499 1046 559 1076 per
582 1036 724 1076 amplius
748 1036 813 1067 tria
835 1036 941 1067 lustra
964 1036 1092 1068 sensim
1115 1035 1323 1075 exsistentia,
1346 1037 1462 1068 turbas
1485 1036 1631 1069 majores
1661 1046 1731 1069 non
1753 1038 1945 1069 moverunt:
1971 1036 2071 1071 lectio

302 1087 425 1119 tradita
458 1087 492 1118 in
521 1087 724 1119 editionibus
752 1089 886 1128 praeter
908 1087 1172 1120 Ribbeckianam
1204 1097 1266 1128 per
1294 1097 1394 1119 omne
1428 1087 1462 1120 id
1490 1089 1622 1129 tempus
1657 1087 1782 1120 intacta
1814 1088 1940 1120 mansit
1971 1090 2072 1131 atque

304 1139 422 1171 eodem
445 1139 514 1171 fere
538 1141 699 1180 tempore,
729 1149 794 1180 quo
819 1139 998 1171 sollicitata
1026 1141 1078 1171 est
1107 1148 1127 1170 a
1148 1138 1343 1178 Ribbeckio‚
1372 1139 1559 1172 rectissime
1581 1150 1635 1173 me
1659 1139 1793 1181 quidem
1816 1140 1923 1173 iudice
1945 1139 2073 1175 amabi—
2095 1147 2100 1151 ⁴

302 1190 450 1222 lissimae
479 1191 556 1222 huic
585 1190 743 1228 omnium,
778 1192 815 1222 ut
846 1190 966 1222 merito
1000 1190 1057 1229 ait,
1091 1191 1310 1231 epistularum
1342 1191 1521 1224 adversum
1549 1191 1748 1224 Meinekium
1784 1202 1860 1224 eam
1891 1191 2073 1227 vindicavit

302 1242 441 1274 Carolus
474 1242 580 1274 Lehrs
614 1242 731 1283 (praef.
760 1242 837 1274 edit.
865 1252 897 1283 p.
927 1241 1068 1283 CXCV),
1103 1242 1154 1274 cui
1188 1242 1268 1274 alibi
1303 1242 1515 1283 saepissime,
1550 1243 1584 1274 in
1610 1243 1751 1276 Horatio
1779 1253 1861 1276 sane
1889 1253 1984 1284 raro,
2011 1243 2072 1281 sed

300 1295 371 1325 tum
399 1304 438 1325 eo
462 1294 632 1332 libentius,
660 1294 837 1326 assentior.
882 1293 999 1326 Merito
1023 1294 1202 1334 reprobata
1231 1294 1381 1326 eiusdem
1402 1294 1556 1327 Meinekii
1587 1295 1764 1334 sententia,
1793 1295 1845 1328 cui
1871 1297 1951 1336 post
1977 1305 2008 1328 v.
2031 1295 2071 1333 18

303 1345 396 1377 hiare
419 1345 593 1378 videbatur
616 1346 736 1384 oratio,
766 1347 802 1378 ut
826 1346 1014 1386 complures
1043 1355 1160 1378 versus
1190 1346 1356 1378 excidisse
1385 1346 1620 1388 suspicaretur,
1650 1346 1699 1378 sic
1726 1347 1834 1388 pergit
1861 1347 1910 1380 vir
1938 1348 1973 1380 et
1997 1346 2072 1389 ipse

301 1396 560 1429 amabilissimus
585 1393 662 1429 ‘Am
675 1397 944 1438 allerwenigsten
956 1397 1038 1429 aber
1049 1397 1138 1429 kann
1150 1396 1205 1429 ich
1218 1397 1282 1429 mir
1294 1397 1354 1429 das
1369 1398 1529 1430 solibus
1541 1400 1679 1439 aptum
1690 1399 1818 1431 rauben
1828 1398 1952 1432 lassen.
1984 1398 2071 1432 Dass

299 1448 408 1480 Horaz
427 1444 493 1480 ‘fur
517 1449 796 1481 Sonnenscheine
819 1449 974 1489 gemacht
996 1446 1061 1487 ist’,
1085 1449 1144 1481 das
1169 1449 1258 1481 steht
1280 1449 1335 1481 hei
1365 1449 1430 1481 mir
1458 1449 1492 1482 in
1520 1450 1648 1482 seinem
1671 1449 1767 1482 Bilde
1799 1450 1850 1482 als
1884 1450 1978 1483 einer
2009 1449 2070 1491 der

301 1499 576 1532 wesentlichsten
599 1500 698 1541 Ziige.
733 1501 778 1532 Er
794 1501 853 1532 hat
868 1501 928 1532 ihn
941 1501 978 1542 ja
1000 1500 1049 1532 ost
1063 1510 1171 1540 genug
1193 1501 1427 1534 ausdrucklich
1449 1501 1519 1533 und
1541 1501 1821 1534 unausdrflcklich
1844 1512 1884 1534 zu
1900 1501 2070 1537 erkennen

301 1551 458 1591 gegeben.
497 1552 577 1584 Sein
593 1552 808 1592 behagliches
824 1552 1126 1593 Frnhlingsgefuhl,
1151 1552 1224 1584 sein
1247 1553 1320 1584 sich
1336 1553 1454 1585 ziehen
1477 1553 1564 1585 nach
1581 1553 1640 1585 der
1655 1554 1791 1586 Warme
1812 1553 1867 1586 bei
1883 1553 1943 1587 der
1957 1553 2070 1587 kalten

300 1602 379 1634 oder
401 1603 611 1635 frostelnden
625 1603 824 1636 Jahreszeit!
857 1604 894 1635 Ja
910 1604 1009 1642 wohl,
1033 1614 1069 1635 er
1083 1614 1153 1636 war
1169 1604 1263 1636 recht
1279 1605 1433 1645 gemacht
1448 1604 1501 1637 far
1516 1605 1569 1637 die
1585 1605 1873 1638 Sonnenscheine.
1895 1604 2071 1645 Vielleieht

299 1655 476 1693 verstehen
510 1655 700 1695 diejenigen
728 1655 788 1687 das
819 1658 921 1687 etwas
950 1656 1067 1688 besser
1095 1655 1164 1687 und
1192 1656 1463 1696 eindringlicher‚
1497 1657 1623 1689 welche
1656 1657 1778 1698 gerade
1812 1657 1866 1689 die
1898 1657 2003 1690 Natur
2034 1657 2071 1690 in

301 1706 428 1738 diesem
450 1707 579 1738 Punkte
608 1707 734 1739 ebenso
765 1707 946 1747 organisirt
973 1707 1041 1739 hat.
1084 1707 1176 1740 Aber
1209 1717 1246 1740 es
1278 1708 1394 1740 kann’s
1428 1708 1516 1740 doch
1550 1709 1636 1740 auch
1669 1709 1725 1741 ein
1754 1709 1850 1751 jeder
1881 1708 2069 1750 γει-31911911.

299 1757 375 1789 Und
398 1768 442 1789 an
465 1760 599 1798 aptus,
624 1769 693 1790 was
715 1759 805 1791 kann
830 1759 919 1790 denn
943 1759 1048 1791 daran
1072 1759 1123 1791 fur
1146 1759 1201 1791 ein
1223 1760 1369 1792 Anstoss
1393 1760 1488 1792 sein?
1532 1760 1577 1792 Es
1606 1761 1650 1792 ist
1676 1760 1713 1802 ja
1739 1770 1799 1802 gar
1827 1759 1904 1792 kein
1926 1760 2070 1797 anderes

300 1811 421 1850 aptus
444 1810 494 1841 als
516 1809 612 1851 jenes
636 1820 695 1842 aus
713 1811 790 1842 dein
805 1811 990 1851 gleichfalls
1006 1811 1139 1850 kurzen,
1163 1811 1244 1843 aber
1266 1811 1328 1844 wie
1352 1812 1412 1844 das
1428 1822 1560 1851 unsere,
1587 1822 1628 1844 zu
1644 1812 1710 1844 den
1726 1812 1911 1845 schonsten
1926 1812 2070 1846 Bluthen

300 1861 359 1892 der
381 1861 588 1893 Romischen
611 1862 731 1894 Poesie
754 1863 972 1903 gehorenden
994 1863 1156 1895 Gedichte
1179 1863 1238 1896 des
1263 1863 1358 1896 Ovid.
1381 1864 1455 1896 Am.
1479 1864 1501 1895 Ι.
1524 1864 1554 1903 5,
1578 1864 1636 1896 20:
1669 1863 1800 1896 forma
1820 1863 2070 1905 papillarum

302 1922 416 1953 quam
439 1913 517 1945 fuit
540 1915 633 1954 apta
655 1914 787 1954 premi
807 1912 914 1946 ‘recht
936 1915 1091 1955 gemacht
1113 1910 1227 1947 dazu'’.

451 1982 554 2013 Recte
573 1992 654 2014 sane
678 1992 740 2014 nec
755 1983 981 2015 Doederleinii
1005 1983 1236 2024 interpretatio
1261 1994 1322 2016 nec
1345 1994 1415 2023 eae,
1438 1994 1523 2026 quae
1546 1984 1654 2016 adhuc
1678 1986 1959 2017 commemoratae
1981 1985 2070 2023 sunt,

300 2032 510 2065 coniecturae
538 2034 735 2074 placuerunt
758 2034 921 2067 Guilelmo
949 2035 1084 2074 Herbst,
1113 2035 1185 2068 viro
1214 2036 1327 2077 sagaci
1356 2038 1455 2077 atque
1485 2036 1625 2075 erudito,
1653 2038 1724 2068 tum
1753 2036 1876 2069 rectori
1903 2035 2070 2074 Pol-tensi,

300 2084 411 2116 minus
435 2087 524 2117 recte
548 2085 734 2118 iustissima
756 2087 839 2118 haec
854 2087 986 2118 Lehrsii
1010 2087 1160 2119 defensio
1184 2097 1254 2119 non
1277 2087 1388 2120 minus
1406 2087 1435 2119 ei
1452 2087 1621 2128 displicuit
1645 2088 1736 2129 (ann.
1751 2088 1832 2129 phil.
1847 2088 1929 2120 LVII
1943 2098 1974 2120 a.
1988 2088 2070 2120 1873

299 2146 330 2177 p.
354 2137 417 2168 830
441 2137 513 2178 sq.).
558 2137 621 2176 Qui
644 2140 777 2179 praeter
799 2138 865 2170 alia
887 2139 999 2171 minus
1021 2139 1143 2180 gravia,
1168 2149 1252 2180 quae
1276 2139 1341 2171 hoc
1363 2140 1438 2171 loco
1462 2141 1612 2180 repetere
1635 2140 1772 2180 longum
1795 2140 1885 2180 est*),
1907 2139 2068 2172 adversus
2087 2145 2090 2152 “

298 2188 474 2220 Lehrsium
497 2189 662 2222 affirmare
683 2200 786 2231 posse
810 2190 874 2222 sibi
896 2190 1036 2230 videtur,
1063 2189 1154 2223 ‘dass
1184 2191 1244 2223 der
1270 2191 1424 2223 italische
1452 2191 1591 2224 Dichter
1619 2191 1673 2223 die
1701 2192 1826 2231 Sonne,
1854 2191 1919 2224 wie
1945 2202 1982 2224 es
2009 2191 2070 2224 der

300 2240 546 2281 Konigsberger
568 2242 652 2273 thun
675 2251 761 2282 mag,
785 2242 879 2274 nicht
903 2243 1032 2275 sowohl
1056 2243 1163 2282 sucht,
1187 2243 1237 2275 als
1262 2253 1307 2282 er,
1337 2243 1399 2275 wie
1428 2253 1465 2275 er
1486 2244 1677 2276 manchmal
1699 2243 1935 2276 ausdrfieklich
1957 2243 2069 2285 einge-

449 2410 472 2444 *)
501 2412 542 2438 De
562 2410 659 2446 ‘aptus’
689 2421 748 2440 voc.
768 2414 961 2441 Doederleinio
980 2415 1116 2442 immerito
1143 2415 1300 2442 assentiens
1327 2418 1470 2450 praeterea
1496 2415 1578 2443 nimis
1605 2416 1730 2450 quaesite
1756 2424 1880 2450 premere
1906 2424 1991 2450 posse
2015 2415 2069 2444 sibi

299 2453 417 2484 videtur,
442 2455 517 2487 quod
538 2455 668 2482 Horatius
692 2457 745 2483 hoc
767 2465 849 2484 versu
872 2458 988 2485 triadem
1013 2458 1134 2492 aliquam
1153 2459 1330 2493 qualitatum.
1357 2461 1388 2486 ut
1413 2459 1453 2486 ita
1479 2459 1582 2490 dicam,
1610 2460 1837 2494 comprehendat,
1865 2459 1965 2494 quihus
1988 2460 2068 2495 quasi

299 2498 382 2524 homo
411 2498 527 2525 exterior
554 2500 701 2527 manifesto
730 2501 906 2535 depingatur;
935 2502 1002 2529 solis
1025 2511 1090 2529 vero
1114 2511 1237 2530 amorem
1264 2504 1299 2530 ad
1323 2503 1523 2534 visibilitatem,
1552 2503 1575 2530 si
1605 2503 1689 2530 verbo
1718 2503 1907 2531 Tertullianeo
1933 2503 1974 2531 uti
1995 2503 2069 2536 limet,

298 2549 354 2568 non
373 2541 516 2575 pertinere.
