2138 2748
433 739 527 797 Cum
549 765 681 797 ineunte
715 775 799 797 anno
822 764 1075 797 MDCCCXLVI
1102 763 1173 796 dies
1201 763 1326 805 aliquot
1348 763 1499 796 Ambiani
1521 772 1738 796 commorarer
1765 762 1808 795 ad
1831 762 2057 796 excutiendum

277 820 494 860 fragmentum
518 818 650 859 aliquod
673 817 907 850 institutionum
931 816 1089 849 Prisciani
1111 817 1396 857 grammaticarum
1419 816 1498 849 olim
1521 816 1675 849 abbatiae
1696 817 1727 848 S.
1744 816 1832 849 Petri
1854 815 2058 850 Corbeiensis

279 874 347 902 tum
381 874 478 911 atque
513 869 611 901 etiam
639 878 724 901 nunc
751 868 784 900 in
813 868 1010 901 bibliotheca
1040 868 1164 900 urbana
1197 868 1242 900 ibi
1271 871 1448 910 servatum,
1482 867 1524 900 de
1551 878 1615 908 quo
1643 867 1711 900 dixi
1738 877 1824 900 anno
1855 867 2057 901 MDoocLV

281 921 431 953 editionis
454 921 581 953 illorum
605 920 758 952 librorum
781 919 844 952 vol.
868 919 883 951 Ι
907 930 938 961 p.
963 918 1106 960 XVIIII,
1130 919 1213 951 inter
1241 919 1341 952 libros
1363 929 1460 952 manu
1488 919 1625 961 scriptos
1648 919 1718 951 eius
1739 917 1957 952 bibliothecae
1977 918 2058 953 satis

282 982 414 1015 paucos,
437 973 492 1013 qui
514 974 686 1014 praeterea
708 970 750 1003 ad
773 971 899 1003 litteras
922 970 1072 1012 antiquas
1095 973 1253 1012 spectant,
1277 970 1420 1002 animum
1435 979 1540 1003 meum
1563 970 1765 1012 potissimum
1787 969 1820 1002 in
1843 979 1880 1003 se
1902 969 2060 1013 convertit

283 1023 386 1056 codex
409 1033 540 1055 numero
563 1022 627 1054 426
650 1022 796 1063 signatus
820 1022 933 1063 etipse
957 1021 1032 1053 olim
1053 1021 1266 1063 Corbeiensis,
1285 1021 1338 1062 qui
1356 1021 1388 1054 in
1407 1021 1558 1062 catalogo
1576 1021 1724 1054 codicum
1746 1021 1814 1054 eius
1840 1010 2058 1057 bibliothecae

282 1075 571 1116 manuscriptorum
595 1084 615 1105 a
637 1073 720 1105 Iulio
743 1072 894 1114 Garnier,
918 1075 985 1104 tum
1008 1072 1226 1105 bibliothecae
1254 1072 1495 1114 subprmaefecto
1519 1082 1604 1104 anno
1633 1071 1885 1105 MDCCCXLIII
1906 1071 2058 1108 Ambiani

281 1127 369 1159 iussu
392 1129 424 1159 et
446 1126 627 1167 sumptibus
649 1124 894 1166 magistratuum
919 1124 1115 1156 urbanorum
1131 1123 1218 1156 edito
1242 1134 1272 1166 p.
1289 1123 1352 1156 348
1367 1134 1415 1165 sq.
1439 1123 1641 1156 describitur.
1685 1122 1788 1161 Quem
1810 1126 1888 1165 tum,
1910 1124 2058 1166 quamvis

282 1178 325 1210 ad
352 1178 527 1210 ditissimos
555 1177 724 1209 thesauros
753 1175 920 1208 Gellianos
947 1179 980 1208 et
1006 1175 1209 1208 Priscianeos
1239 1175 1455 1208 bibliothecae
1483 1175 1594 1215 regiae
1622 1175 1790 1208 Parisinae
1819 1174 2057 1209 exhauriendos

283 1230 449 1270 festinans,
477 1228 575 1271 paulo
604 1228 788 1261 accuratius
803 1231 911 1259 tamen
928 1227 1176 1268 examinassem‚
1199 1227 1227 1260 si
1241 1227 1262 1259 ii
1279 1226 1364 1267 libri,
1387 1226 1504 1267 quibus
1525 1225 1567 1258 ad
1590 1225 1652 1258 hoc
1666 1235 1804 1259 examen
1826 1225 2057 1260 instituendum

284 1290 365 1322 opus
387 1290 459 1312 esse
482 1279 722 1320 intellegebam,
744 1278 976 1320 grammaticae
998 1278 1201 1320 potissimum
1223 1278 1360 1311 Latinae
1383 1282 1531 1310 auctores
1553 1277 1703 1318 antiquos
1725 1278 1767 1310 ab
1790 1277 1886 1310 Helia
1907 1277 2059 1313 Puteohio

284 1335 317 1364 et
339 1331 494 1364 classicos
517 1334 664 1363 auctores
688 1331 729 1362 ab
753 1330 878 1370 Angelo
901 1329 988 1362 Maio
1012 1329 1117 1362 editos
1139 1329 1223 1370 dico,
1246 1329 1323 1362 mihi
1346 1332 1476 1371 praesto
1493 1328 1643 1361 fuissent:
1667 1329 1784 1370 quibus
1806 1339 1879 1362 cum
1901 1338 2056 1371 carerem,

282 1383 315 1415 in
338 1381 476 1415 schedas
498 1381 574 1414 inde
597 1381 729 1423 conieci,
752 1390 836 1422 quae
859 1380 902 1413 ad
931 1381 1118 1413 memoriam
1146 1380 1268 1413 codicis
1293 1380 1374 1414 data
1401 1380 1573 1413 occasione
1600 1380 1669 1413 sive
1695 1380 1784 1423 apud
1805 1390 1856 1413 me
1878 1380 1948 1414 sive
1968 1380 2059 1423 apud

285 1434 368 1466 alios
390 1433 596 1466 excitandam
618 1432 814 1465 sufficerent.
858 1432 942 1474 Ipse,
966 1441 1037 1464 cum
1060 1435 1192 1464 auctore
1214 1432 1362 1473 Augusto
1373 1432 1548 1473 Meinekio,
1570 1432 1639 1464 viro
1661 1431 1853 1465 immortalis
1874 1432 2059 1474 memoriae,

285 1486 410 1518 fautore
432 1495 503 1517 meo
527 1484 766 1526 benignissimo,
789 1483 830 1515 de
854 1483 969 1515 studiis
992 1483 1071 1515 meis
1094 1492 1152 1525 per
1174 1483 1236 1515 iter
1257 1482 1340 1515 illud
1362 1483 1571 1524 longinquum
1593 1486 1660 1515 tum
1684 1493 1755 1515 cum
1771 1482 1914 1515 maxime
1935 1481 2060 1516 finitum

284 1536 443 1578 susceptis
471 1535 673 1568 academiam
706 1535 828 1576 regiam
858 1534 1099 1567 Berolinensem
1134 1533 1292 1566 relatione
1326 1534 1368 1566 ab
1403 1534 1474 1575 ipso
1507 1533 1670 1566 Meinekio
1703 1534 1736 1566 in
1769 1533 1959 1566 academiae
1992 1533 2061 1567 cius

285 1597 438 1620 consessu
461 1586 492 1619 d.
515 1587 562 1618 IV
585 1597 625 1618 m.
648 1587 729 1619 Nov.
752 1596 782 1619 a.
805 1585 1071 1618 MDCCCXLVH
1100 1585 1236 1617 recitata
1258 1585 1427 1618 certiorem
1455 1585 1612 1626 facerem,
1640 1585 1724 1617 inter
1751 1585 1833 1626 aliu,
1861 1594 1947 1626 quae
1968 1585 2062 1627 quasi

284 1638 483 1681 praeteriens
506 1638 550 1670 ibi
574 1637 821 1670 commemoravi
844 1637 887 1679 (v.
911 1636 1055 1669 eiusdem
1078 1636 1268 1670 academiae
1290 1637 1420 1670 nuntios
1446 1639 1626 1669 menstruos
1649 1636 1718 1669 eius
1737 1636 1813 1670 anni
1839 1647 1870 1678 p.
1885 1637 2062 1678 406sqq.),

288 1690 410 1723 codicis
443 1690 530 1721 illius
563 1690 693 1721 brevem
723 1688 920 1738 gnentionem
954 1688 1059 1729 inieci,
1092 1687 1126 1720 id
1165 1690 1290 1720 tantum
1323 1688 1409 1729 quod
1442 1688 1667 1729 gravissimum
1697 1691 1767 1720 erat
1799 1691 1951 1729 enotans,
1979 1687 2063 1721 hunc

287 1742 404 1774 librum
427 1752 448 1774 a
470 1741 597 1773 nemine
620 1740 726 1772 adhuc
746 1740 778 1771 in
801 1749 894 1772 usum
909 1743 1058 1772 vocatum
1081 1749 1154 1772 esse
1176 1742 1290 1772 testem
1306 1739 1563 1780 antiquissimum
1586 1739 1688 1781 partis
1710 1739 1847 1772 alicuius
1868 1739 2062 1782 scriptorum

286 1793 415 1834 Virgilii
437 1792 579 1824 Maronis
601 1791 813 1833 grammatici.
859 1790 948 1828 Quae
971 1791 1163 1832 significatio
1187 1791 1258 1824 loco
1274 1800 1353 1823 sane
1368 1791 1448 1823 satis
1471 1790 1578 1829 alieno
1601 1791 1731 1832 prolata
1752 1800 1836 1832 cum,
1857 1789 1945 1832 quod
1965 1799 2060 1824 nemo

287 1844 456 1876 mirabitur
478 1844 530 1876 vel
552 1843 759 1885 vituperabit,
779 1843 883 1874 aciem
906 1842 966 1874 viri
989 1842 1196 1874 eruditissimi
1220 1842 1351 1874 Ioannis
1374 1842 1514 1874 Huemer
1536 1841 1694 1883 effugerit,
1718 1841 1772 1882 qui
1793 1851 1896 1884 nuper
1917 1841 2064 1884 (Lipsiae

286 1906 316 1929 a.
340 1895 670 1936 MDCCCLXXXVI)
692 1894 896 1935 grammatici
918 1893 1003 1926 illius
1026 1903 1126 1936 opera
1148 1897 1222 1935 post
1237 1893 1358 1926 Maium
1373 1893 1477 1935 (Rom.
1501 1893 1792 1926 MDCCCXXXUI
1810 1893 1843 1925 in
1859 1892 1955 1926 class.
1978 1896 2063 1927 auct.

289 1951 364 1979 tom.
385 1947 411 1978 V
428 1957 459 1988 p.
480 1947 495 1977 1
515 1956 583 1987 sqq.
601 1946 641 1978 cf.
661 1955 742 1987 opus
761 1944 904 1977 eiusdem
923 1947 1115 1987 postumum,
1132 1955 1207 1987 app.
1226 1944 1269 1976 ad
1288 1954 1362 1986 opp.
1386 1943 1475 1976 edita
1489 1944 1532 1976 ab
1555 1945 1593 1976 A.
1609 1944 1651 1976 M.
1670 1945 1796 1976 Romae
1811 1943 2064 1978 MDCCCLXXI

291 2009 323 2040 p.
334 1999 394 2030 112
402 1998 485 2039 sqq.)
493 1998 640 2039 pleniora
653 1996 794 2037 edidit‚*)
807 1996 955 2037 equidem
967 1996 1042 2029 libri
1055 1996 1142 2028 illius
1154 1996 1341 2028 memoriam
1349 1995 1585 2028 instauraturus
1597 1998 1630 2027 et
1641 1995 1841 2037 potissimum
1854 2005 1948 2036 quem
1960 1995 2066 2029 locum

442 2140 466 2172 *)
485 2139 555 2166 Cum
574 2147 608 2166 ex
628 2147 684 2166 uno
703 2139 802 2166 codice
821 2137 1020 2172 Neapolitano,
1039 2145 1073 2164 ex
1094 2145 1150 2172 quo
1169 2138 1232 2165 solo
1251 2137 1337 2165 etiam
1356 2145 1429 2165 nnnc
1448 2137 1559 2172 Virgilii
1578 2137 1718 2172 epistulae
1736 2139 1823 2165 notae
1841 2136 1906 2171 sint,
1925 2137 2078 2172 epitomas¹

292 2183 440 2211 nonnullas
459 2183 581 2210 ediderit
598 2183 695 2216 Maius,
714 2182 872 2209 Huemerus
891 2189 953 2208 cum
972 2181 1034 2208 aliis
1054 2184 1100 2208 sat
1117 2181 1212 2208 multis
1226 2181 1263 2208 ad
1276 2188 1326 2208 eas
1339 2188 1437 2208 omnes
1455 2181 1647 2208 recensendas
1665 2180 1835 2208 adiumentis
1853 2180 2068 2215 diligentissime

291 2234 342 2260 per
360 2226 484 2258 Italiam,
503 2226 663 2259 Ananiam,
682 2225 855 2259 Helvetiam,
878 2225 1030 2252 Bataviam
1055 2224 1222 2259 conquisitis
1246 2227 1275 2251 et
1298 2224 1448 2251 maximam
1465 2226 1577 2258 partem
1599 2224 1636 2251 ab
1655 2224 1720 2258 ipso
1737 2224 1828 2258 primo
1846 2223 1979 2252 indicatis
1996 2231 2066 2252 usus

291 2271 344 2304 est,
357 2272 415 2296 tum
429 2270 620 2304 compluribus
632 2269 761 2296 Gallicis:
781 2269 880 2296 codice
893 2268 1022 2295 Parisino
1042 2270 1128 2302 atque
1147 2268 1289 2302 excerptis
1302 2267 1527 2295 Nanceiensibus
1546 2275 1564 2294 a
1575 2267 1640 2294 viro
1659 2267 1852 2294 eruditissimo
1870 2266 1905 2294 A.
1918 2266 2067 2302 Collignon

291 2315 358 2340 ante
375 2320 483 2346 paucos
502 2312 554 2339 hos
573 2320 663 2339 annos
682 2312 806 2338 inventis
825 2314 854 2338 et
871 2311 1136 2345 Montepessulanis.
1174 2311 1249 2343 Quos
1268 2311 1383 2338 codices
1402 2310 1436 2337 D.
1456 2310 1640 2345 Compar-etti,
1656 2310 1707 2345 qui
1725 2310 1754 2337 in
1771 2310 1844 2337 libro
1863 2310 1957 2338 bonae
1975 2309 2067 2346 frugis

290 2357 375 2390 pleno
385 2354 487 2390 ‘Virgil
499 2356 534 2382 im
549 2353 721 2382 Mittelalter'
736 2364 763 2389 p.
778 2356 852 2389 11:132
866 2363 942 2382 vers.
953 2354 1045 2382 Germ.
1055 2356 1162 2388 narrat,
1175 2361 1205 2381 se
1218 2354 1255 2381 ad
1266 2353 1377 2388 Virgilii
1390 2361 1479 2388 opera
1491 2354 1574 2388 plene
1587 2354 1698 2381 edenda
1705 2354 1820 2388 ignotos
1833 2353 2068 2382 bibliothecarum

291 2399 462 2426 Gallicarum
486 2399 600 2426 codices
623 2398 776 2433 aliquando
805 2398 1026 2432 conquisivisse,
1053 2405 1112 2424 rem
1139 2400 1233 2425 tamen
1265 2397 1406 2431 inceptam
1430 2397 1468 2424 ad
1491 2396 1573 2424 finem
1600 2405 1652 2432 per
1674 2399 1833 2431 temporum
1855 2397 2068 2425 vicissitudines

291 2442 448 2477 perducere
466 2450 523 2469 non
541 2442 680 2476 potuisse,
699 2444 758 2468 tum
777 2441 947 2476 cognoverit
965 2448 1000 2468 ac
1017 2449 1081 2468 num
1100 2441 1174 2468 inter
1192 2448 1242 2468 eos
1259 2440 1460 2468 Ambianensis
1478 2440 1551 2468 liber
1571 2440 1657 2468 fuerit
1675 2440 1770 2468 dicere
1788 2447 1908 2474 nequeo.
