2138 2748
612 246 646 272 A.
668 244 815 272 GELLII
829 245 910 273 LIB.
929 245 955 273 Ι.
976 245 1058 273 CAR
1077 245 1181 274 XXII.
1199 247 1321 275 XXIII.
1815 252 1854 285 21

76 331 250 371 ponendum
271 332 349 362 inter
371 333 444 371 quis,
479 332 506 362 ἀ
533 333 644 363 senior:
678 335 709 363 at
740 333 785 363 illi
806 336 876 364 ante
898 342 1047 373 superesse
1068 338 1246 373 posuerunt.
1285 337 1469 367 emendetur.
1507 338 1611 368 vitium
1634 340 1776 377 pusillum
1799 343 1855 370 est.

78 374 133 406 sed
154 376 264 415 tamen,
297 377 331 404 vt
364 375 453 405 etiam
483 375 591 406 eodem
621 376 647 406 ἀ
672 377 704 406 iu
733 376 859 406 eandem
888 377 1067 407 sententiam
1089 378 1183 408 verba
1205 379 1292 408 aliter
1313 382 1406 417 atque
1429 380 1517 410 aliter
1538 381 1688 412 collocata
1709 382 1855 422 recidant,

76 417 220 448 maiorem
242 417 318 457 eius,
342 417 425 456 quod
447 419 577 457 scriptor
599 419 684 459 dixit,
707 427 797 457 quam
821 418 904 458 quod
924 420 1025 458 potuit
1047 419 1147 450 dicere
1169 421 1316 452 rationem
1337 422 1509 453 habendam
1532 432 1602 454 esse
1625 433 1747 456 censeo.

683 527 819 565 LIBRO
839 527 981 564 PRIMO
1004 528 1099 565 GAP.
1122 529 1251 566 XXIII.

227 588 303 618 dicta
324 590 485 629 scriptaque
507 590 566 629 eat]
611 590 821 628 antiquissima
843 590 947 630 editio,
970 590 1045 620 dicta
1066 592 1174 630 scripta
1196 595 1246 623 eet.
1282 593 1364 631 item,
1387 594 1407 622 ὰ
1429 593 1470 623 M.
1501 592 1616 624 Catone.
1654 596 1740 626 cuius
1768 606 1853 635 prae-
1874 600 1888 630 ⁵
1910 600 1919 625 1

73 639 209 704 53:03¹,
227 631 311 670 quod
332 632 363 662 in
386 633 525 663 omnibus
548 634 731 664 membranis
760 633 786 663 ἀ
812 634 1032 672 antiquissimis
1061 634 1244 665 editionibus
1271 635 1426 675 proditur,
1461 638 1478 665 a
1512 638 1731 668 recentioribus
1765 640 1853 670 omis-

228 725 273 754 ad
288 726 387 755 milites
409 729 507 756 contra
530 725 673 766 Galbam]
718 735 812 766 saepe
834 729 939 757 contra
961 727 1024 758 Ser.
1048 727 1176 758 Galbam
1199 729 1274 758 dixit
1296 729 1372 759 Cato
1396 729 1526 759 diuersis
1549 732 1753 771 orationibus3
1776 742 1853 771 quas

75 775 179 797 omues
200 767 278 798 libro
313 769 441 807 septimo
475 768 630 807 Originum
659 770 838 809 incluserat3
874 772 907 800 vt
935 773 983 800 est
1010 770 1089 800 infra
1115 771 1192 802 libro
1219 772 1303 802 XIII.
1327 781 1392 810 cap.
1422 772 1525 802 XXIII
1555 773 1637 812 [nunc
1666 783 1733 813 cap.
1768 775 1852 805 XXV

77 809 98 849 ᾖ
124 810 182 849 15].
214 812 392 841 ‘accussauit
414 811 541 842 Galbam
564 821 630 842 cum
654 812 692 842 de
713 813 869 843 Lusitanis
890 814 1074 851 loqueretur.
1112 823 1204 853 supra
1226 824 1293 853 cap.
1316 814 1374 845 XII
1397 815 1427 854 [ξ
1454 816 1512 854 17],
1549 817 1575 845 ἀ
1598 825 1635 846 ea
1657 817 1722 847 fere
1744 817 1853 848 Catoni

74 852 138 883 fuit·
152 854 340 884 consuetudo
363 858 395 884 vt
418 855 570 885 orationes
593 864 664 885 suas
687 855 719 885 in
742 855 897 894 Originum
919 857 1013 887 libros
1035 857 1222 887 transferret.
1259 858 1343 896 quod
1365 858 1438 888 alibi
1460 858 1627 890 docuimus.

224 908 376 943 venustate,
400 906 482 944 luca]
525 907 634 945 vulg03
673 916 736 936 cum
756 907 844 937 multa
866 907 978 947 quidem
1005 911 1149 938 venustate
1155 931 1165 946 ‚
1194 908 1270 946 luce,
1302 907 1395 950 athue
1422 909 1566 939 mundicia
1599 910 1758 942 verborum.
1802 921 1853 942 an·
1870 924 1898 950 p.
1920 917 1970 942 110

71 946 244 986 tiquissima
260 948 368 987 editi03
401 952 543 978 venustate
565 953 648 988 atque
669 950 729 979 luce
752 960 786 979 ac
808 950 952 980 mundicia
973 950 1132 982 verborum.
1161 954 1193 981 at
1215 961 1319 982 omnes
1346 953 1555 991 membranae3
1587 956 1737 991 venustate,
1770 957 1854 994 atque

76 989 146 1028 luce,
181 994 264 1029 atque
285 991 430 1021 mundicia
452 991 612 1023 verborum.
656 992 787 1022 Dubium
820 1002 881 1022 non
916 995 963 1023 est
995 994 1068 1031 quin
1102 993 1219 1024 Gellius
1253 994 1290 1024 de
1324 994 1440 1024 Catone
1463 996 1592 1033 loquens
1614 995 1739 1027 Catonis
1763 998 1852 1028 etiam

73 1033 239 1063 orationem
263 1033 289 1062 ἀ
310 1033 457 1072 loquendi
478 1035 625 1064 rationem
646 1035 777 1065 voluerit
798 1036 918 1075 imitari,
950 1037 1128 1074 praesertim
1162 1046 1242 1074 quae
1275 1039 1306 1066 in
1336 1038 1461 1067 illustris
1485 1039 1640 1078 orationis,
1668 1048 1758 1077 quam
1780 1041 1853 1070 alibi

72 1074 205 1115 adducit,
229 1079 276 1106 est
296 1077 392 1107 initio.
430 1077 474 1106 sic
497 1077 575 1107 enim
598 1077 641 1107 ibi
662 1078 772 1116 legitur
794 1078 845 1117 [VI
869 1079 898 1116 3,
925 1079 989 1117 141:
1012 1080 1071 1108 ecio
1093 1079 1184 1108 solere
1202 1079 1347 1119 plerisque
1368 1080 1527 1110 hominibus
1553 1082 1583 1111 in
1610 1081 1694 1111 rebus
1722 1083 1853 1113 secundis

73 1120 156 1157 atque
184 1119 310 1157 prolixis
342 1122 425 1158 atque
454 1121 604 1158 prosperis
636 1121 761 1150 animum
794 1121 939 1159 excellere,
974 1125 1056 1160 atque
1088 1121 1252 1160 superbiam
1286 1126 1368 1162 atque
1394 1124 1540 1161 ferociam
1568 1134 1728 1163 auyescere.
1765 1126 1852 1156 vides

72 1161 173 1191 omnia
195 1161 361 1192 simillima:
386 1171 464 1200 quae
487 1162 647 1193 Sallustius
671 1163 761 1193 etiam
785 1166 831 1194 est
853 1164 926 1193 alibi
948 1166 1141 1194 consectatus
1164 1164 1190 1194 a
1218 1174 1317 1203 paene
1339 1166 1502 1205 affectauit,
1530 1170 1563 1196 vt
1590 1168 1621 1196 in
1650 1167 1760 1198 Critico
1787 1169 1851 1199 Sal—

68 1203 199 1234 lustiano
223 1206 377 1234 ostensum
406 1207 462 1235 est.

222 1255 287 1285 huic
305 1265 428 1294 prorsus
451 1257 669 1295 commentaria]
713 1259 840 1295 vterque
861 1258 939 1287 liber
960 1259 1105 1297 Puteani3
1133 1259 1186 1288 hoc
1208 1261 1409 1289 commentario
1435 1259 1579 1290 vidiae-em.
1621 1261 1777 1293 mendose.
1819 1263 1850 1292 in
1868 1265 1884 1295 5
1902 1263 1919 1289 2

72 1306 174 1328 eorum
198 1298 287 1328 etiam
310 1299 404 1328 altero
429 1301 490 1338 θεὶς
513 1300 539 1328 si
559 1299 599 1329 ibi
614 1301 699 1339 copia
712 1301 827 1338 suisset,
850 1310 921 1340 non,
944 1300 1018 1330 libri.

222 1358 285 1379 cum
305 1349 376 1379 haec
398 1349 559 1389 dictabam]
604 1359 709 1381 omnes
724 1352 915 1382 membranae
939 1351 965 1381 ἀ
979 1351 1213 1392 an[ti]quissima
1235 1353 1345 1392 editio3
1368 1363 1431 1383 cum
1452 1354 1522 1383 haec
1543 1354 1658 1384 dietant.
1690 1356 1773 1394 quod
1789 1365 1850 1394 qua

69 1400 101 1422 re
124 1393 268 1422 mutatum
291 1393 329 1422 sit
351 1393 467 1430 ignoro.

221 1444 295 1473 scire
317 1445 441 1482 quaeris,
464 1453 510 1473 res
526 1445 640 1483 serme.]
685 1445 728 1475 ita
750 1454 855 1476 omnes
877 1446 1070 1476 membranae
1093 1447 1118 1476 ἀ
1141 1447 1301 1476 editiones.
1338 1447 1369 1476 in
1399 1448 1521 1486 optimis
1549 1450 1648 1478 tamen
1676 1452 1740 1487 est3
1776 1451 1850 1479 scire
1867 1457 1883 1486 5
1902 1455 1918 1481 3

69 1495 198 1525 quaerea,
224 1487 320 1524 ferme
353 1486 393 1516 ad
424 1487 497 1516 hunc
529 1487 642 1517 modum
676 1491 725 1517 est.
762 1498 839 1519 voce
866 1489 928 1529 illa,
950 1499 1007 1529 rea,
1036 1499 1115 1527 quae
1144 1490 1250 1519 iterum
1278 1490 1444 1520 inculcatur
1466 1491 1586 1521 omissa.
1622 1492 1706 1529 quod
1727 1492 1753 1521 ἀ
1775 1493 1849 1522 Bus-

69 1529 200 1559 lidianus
221 1529 299 1559 liber
322 1529 453 1567 quodam
474 1530 565 1559 modo
587 1531 828 1571 repraesentat[.]
852 1541 908 1570 ego
931 1533 1083 1571 vulgatam
1105 1533 1266 1562 lectionem
1298 1533 1369 1562 huic
1401 1543 1462 1563 non
1490 1537 1661 1572 postp0n03
1695 1543 1785 1572 quam
1818 1536 1847 1565 in

71 1580 137 1602 mea
160 1572 249 1601 etiam
273 1572 416 1612 editione,
450 1573 477 1602 si
511 1582 576 1603 cum
610 1574 691 1603 bona
723 1575 981 1613 typographorum
1004 1576 1100 1614 gratia
1121 1576 1272 1614 potuisset
1298 1575 1374 1614 fieri,
1406 1577 1529 1606 retineri
1563 1577 1715 1615 optabam.
1759 1578 1850 1616 igitur

66 1617 239 1653 reponatur.

220 1658 250 1687 in
284 1660 392 1687 curiam
425 1659 560 1697 introire]
616 1659 826 1697 antiquissima
859 1660 963 1699 editio,
994 1663 1141 1699 vtraeque
1174 1662 1366 1691 membranae
1399 1662 1537 1700 Puteani,
1577 1663 1780 1701 collectanea3
1818 1664 1847 1692 in
1866 1667 1881 1696 5
1898 1665 1916 1691 4

69 1701 150 1730 curia
171 1701 296 1730 introire.
335 1701 418 1738 quod
440 1701 467 1731 si
490 1702 558 1739 quis
581 1701 656 1732 haec
678 1703 746 1741 ipsa
770 1702 894 1733 Catonis
918 1713 986 1733 esse
1008 1705 1102 1733 verba
1123 1705 1253 1734 voluerit
1275 1713 1462 1743 asseuerare,
1485 1705 1535 1734 vix
1558 1705 1757 1735 dubitauerim
1775 1707 1846 1743 quin

69 1743 111 1773 ita
133 1743 208 1774 Cato
233 1744 397 1782 scripserit.
434 1747 503 1773 nain
527 1744 553 1773 ἃ,
576 1745 736 1775 Sallustius
760 1745 884 1776 Catonis
907 1747 1038 1776 imitator
1059 1756 1121 1776 non
1144 1747 1293 1777 dubitauit
1307 1747 1387 1776 idem
1410 1748 1508 1785 sequi.
1546 1748 1584 1777 de
1601 1757 1661 1786 quo
1677 1749 1719 1778 ibi
1735 1748 1846 1778 dictum

69 1788 124 1816 est.
165 1786 292 1816 Veteres
315 1787 393 1816 enim
415 1790 448 1816 vt
470 1796 506 1816 ea
530 1796 607 1825 quae
631 1788 696 1818 sine
718 1789 779 1818 vllo
802 1791 885 1819 motu
907 1790 1001 1819 verba
1023 1792 1108 1819 erant
1130 1799 1222 1828 saepe
1245 1799 1311 1820 cum
1334 1799 1407 1820 casu
1431 1793 1538 1828 quarto
1560 1791 1735 1829 iungebant,
1764 1792 1846 1829 quod

69 1838 160 1867 supra
181 1829 383 1859 ostendimus:
407 1830 451 1860 sic
474 1832 597 1860 econtra
619 1840 697 1868 quae
719 1834 831 1861 motum
854 1832 1007 1862 habebant
1033 1842 1095 1862 non
1116 1835 1251 1863 rarenter
1278 1835 1364 1863 sexto
1388 1833 1510 1864 dabant.
1546 1833 1617 1863 hinc
1639 1834 1846 1864 Iurisconsulti

67 1872 163 1902 nostri
184 1871 219 1902 In
237 1873 419 1911 possessione
439 1874 517 1902 mitti.
533 1873 568 1904 L.
591 1874 674 1903 XIII.
711 1875 752 1903 Vt
772 1875 802 1904 in
822 1884 958 1912 possess.
995 1875 1075 1914 leg[.]
1097 1876 1128 1905 in
1141 1876 1260 1905 hostium
1276 1879 1414 1914 potestate
1430 1877 1582 1914 peruenire
1597 1877 1644 1915 [D.
1662 1877 1789 1906 XXXVI
1805 1877 1845 1915 4]-

68 1915 103 1946 L.
126 1915 194 1946 XII.
239 1915 298 1951 Qui
319 1916 458 1954 testam[.]
482 1915 540 1946 sae.
562 1925 646 1954 poss.
671 1917 717 1955 [D.
737 1917 879 1956 XXVIII,
906 1919 931 1956 1]
956 1917 982 1947 ἃ,
1003 1918 1051 1948 his
1073 1919 1183 1948 similia
1211 1918 1361 1948 dicebant.
1400 1928 1479 1956 quae
1506 1919 1650 1948 mutanda
1676 1929 1736 1949 non
1765 1922 1844 1951 sunt.

222 1957 329 1987 Tamen
351 1959 432 1997 cum.]
476 1959 578 1989 Locus
593 1959 681 1989 valde
698 1959 881 1998 deprauatus
896 1961 921 1990 ἃ
943 1961 974 1990 in
998 1970 1057 1999 quo
1081 1962 1227 1991 orationis
1242 1961 1465 1991 cohaerentiam
1481 1971 1542 1991 non
1557 1963 1704 1993 inuenias.
1741 1971 1842 1992 sense·
1861 1967 1876 1997 5
1895 1967 1912 1992 5

68 2002 136 2030 runt
157 2000 189 2030 id
211 2001 395 2031 recentiores
417 2002 540 2041 librarii,
564 2002 589 2031 ἃ
610 2005 745 2032 veterum
773 2003 937 2033 editionum
966 2004 1144 2042 scripturam
1172 2013 1227 2034 suo
1256 2005 1400 2034 arbitratu
1423 2005 1453 2034 in
1476 2005 1564 2034 aliam
1587 2008 1749 2034 verterunt.
1794 2006 1844 2035 Sic

69 2043 147 2072 enim
170 2043 368 2082 scripserunt:
395 2044 502 2074 Tamen
524 2055 587 2074 cum
609 2046 638 2074 in
659 2049 759 2075 senatu
780 2055 826 2075 res
848 2047 942 2076 maior
963 2048 1114 2086 quaepiam
1137 2047 1263 2076 consulta
1285 2056 1375 2086 eaque
1396 2048 1426 2076 in
1448 2047 1521 2076 diem
1539 2051 1685 2086 posterum
1705 2048 1819 2086 prolata
1837 2046 1842 2088 Ι
1860 2061 1886 2087 p.
1910 2054 1955 2079 111

68 2089 116 2124 eat,
142 2086 251 2124 placuit
285 2089 312 2116 vt
344 2096 407 2116 eam
439 2097 508 2126 rem,
542 2097 628 2126 super
656 2097 712 2127 qua
745 2090 941 2118 tractauissent
968 2091 1065 2128 nequis
1099 2091 1262 2121 enuntiaret.
1300 2090 1331 2119 in
1359 2090 1512 2128 prioribus
1546 2090 1729 2119 editionibus
1763 2094 1842 2129 erat3

66 2129 227 2167 placuitque
247 2132 275 2158 vt
297 2138 369 2160 eam.
407 2131 489 2168 quod
513 2139 617 2160 omnes
639 2132 830 2161 membranae
853 2135 912 2161 tam
936 2131 1028 2162 Gellii
1050 2134 1140 2170 quam
1155 2133 1301 2163 Macrobii
1324 2133 1396 2171 [Sat.
1412 2133 1427 2162 I
1444 2134 1472 2172 6,
1492 2132 1539 2171 19]
1564 2134 1742 2171 exprimunt.
1780 2142 1841 2171 quo

68 2174 168 2201 tamen
190 2174 279 2209 pacto
304 2173 452 2202 sententia
474 2174 684 2212 suspenditur,
707 2183 763 2204 nee
786 2184 894 2204 sensus
915 2176 994 2205 vllus
1017 2175 1192 2205 commodus
1214 2176 1253 2205 iis
1276 2185 1313 2205 ex
1335 2176 1437 2205 verbis
1460 2176 1577 2206 eiicitur
1605 2177 1675 2214 [leg.
1703 2176 1841 2215 elicitus-J.

67 2223 144 2244 vnus
166 2214 243 2244 liber
264 2215 406 2254 Puteani3
431 2215 503 2245 Tum
525 2226 587 2246 cum
610 2217 639 2245 in
660 2220 786 2246 senatum
809 2227 854 2246 res
877 2218 970 2247 maior
992 2219 1144 2257 quaepiam
1166 2219 1293 2248 consulta
1315 2228 1403 2257 eaque
1426 2219 1455 2247 in
1477 2218 1548 2248 diem
1568 2222 1713 2257 posterum
1724 2219 1841 2257 prolata

68 2260 123 2286 est:
141 2257 306 2296 placuitque
327 2261 354 2286 vt
377 2267 439 2287 eam
461 2268 521 2288 rem
543 2262 593 2288 etc.
627 2260 718 2298 alter3
745 2259 852 2289 Tamen
874 2270 937 2290 cum
959 2261 988 2289 in
1010 2264 1136 2290 senatum
1168 2270 1215 2290 rea
1243 2262 1336 2290 maior
1363 2262 1514 2300 quaepiam
1548 2261 1703 2290 consultata
1729 2261 1840 2290 eadem-

69 2309 120 2338 que
142 2300 172 2329 in
190 2303 335 2339 posterum
357 2300 430 2330 diem
447 2302 564 2340 prolata
585 2305 634 2338 est,
654 2302 816 2341 placuitque
839 2306 888 2332 etc.
922 2313 988 2342 pro,
1019 2307 1112 2333 tamen
1134 2313 1206 2341 cum,
1239 2303 1432 2333 Buslidianus
1462 2303 1487 2333 ἀ
1510 2305 1585 2333 alter
1606 2307 1638 2333 vt
1661 2304 1738 2342 dixiz,
1769 2304 1840 2333 Tum

70 2351 142 2374 cum.
185 2342 305 2381 Optimo
334 2343 410 2372 libro
438 2345 641 2382 manuscripto
670 2345 815 2374 Macrobii
841 2349 921 2382 (nam
950 2345 976 2375 ἃ
1003 2347 1030 2376 is
1057 2346 1088 2376 in
1117 2355 1172 2376 sua
1195 2347 1364 2377 Saturnalia
1393 2347 1462 2376 hinc
1483 2347 1615 2376 traduxit
1638 2347 1682 2384 [)]‚
1706 2347 1792 2376 deest
1815 2347 1840 2376 ἀ

68 2395 115 2414 um
138 2384 164 2414 ἀ
185 2389 296 2415 tamen:
318 2395 417 2423 neque
441 2387 522 2416 aliud
535 2387 628 2417 habet
651 2397 757 2426 quam3
782 2387 851 2417 Cum
874 2390 903 2417 in
925 2392 1033 2418 senatu.
1069 2398 1124 2427 ego
1148 2390 1335 2419 collectanea
1357 2399 1422 2419 sum
1445 2392 1567 2419 secutus
1589 2390 1619 2419 iu
1634 2390 1743 2427 quibus
1763 2389 1839 2420 haec

69 2428 111 2458 ita
131 2429 410 2466 perscribebantur:
435 2428 505 2459 Cum
526 2431 556 2459 in
577 2434 676 2459 senatu
698 2440 744 2460 res
765 2432 860 2460 maior
882 2432 1032 2470 quaepiam
1055 2432 1220 2470 consultata,
1243 2442 1333 2470 eaque
1355 2434 1383 2461 in
1405 2432 1478 2461 diem
1497 2435 1641 2471 posterum
1659 2433 1774 2471 prolata
1790 2436 1838 2470 eat,

66 2471 236 2510 placuitque,
259 2474 285 2501 vt
306 2472 379 2501 hanc
401 2481 461 2502 rem
493 2482 580 2512 super
612 2482 669 2511 qua
700 2475 906 2511 tractauiaeent,
929 2484 964 2504 ne
985 2475 1048 2513 quis
1070 2476 1226 2505 enuntiaret
1244 2476 1414 2513 priusquam
1437 2475 1548 2504 decreta
1570 2479 1656 2504 esset:
1678 2478 1768 2504 mater
1783 2475 1838 2505 Pa-
