2138 2748
425 360 673 395 EDUARDUS
700 360 872 398 MEYER‚
904 362 960 395 Dr.
984 364 1020 396 P.
1045 363 1079 394 P.
1104 363 1144 396 O.
1189 363 1363 394 Publice
1386 362 1411 394 I.
1443 362 1696 396 Eaeercitationes
1719 363 1886 396 seminarii
1908 348 2064 397 historici
2134 372 2138 402 ζ

273 414 502 446 moderabitur
532 414 563 446 d.
588 415 660 446 Iov.
685 413 716 445 h.
743 413 799 445 VI.
824 419 857 445 et
881 413 953 445 VII.
1000 413 1195 446 Privatim
1224 415 1265 448 H.
1289 415 1467 446 Historiam
1488 415 1616 456 imperii
1636 416 1776 447 Romani
1797 427 1817 448 a
1837 426 1947 457 pugna
1970 415 2052 456 Pyd-

270 467 364 498 nensi
386 470 430 503 (a.
447 465 513 496 168
536 476 564 497 a.
584 465 672 505 Chr.)
695 475 795 506 usque
818 466 861 497 ad
883 466 1118 498 Antoninorum
1141 470 1261 508 tempus
1285 465 1454 497 enarrabit
1477 465 1509 498 d.
1533 465 1618 498 Lun.
1635 466 1734 499 Mart.
1756 467 1827 499 Iov.
1843 466 1930 499 Ven.
1947 466 1980 500 b.
1992 465 2052 498 XI.

272 518 328 549 ΙΙΙ.
355 518 530 548 Historiam
554 517 774 548 Israelitarum
800 516 967 547 enarrabit
991 516 1023 549 d.
1048 517 1150 550 Mero.
1175 523 1207 548 et
1231 517 1301 549 Sat.
1325 516 1359 549 h.
1382 516 1442 549 XI.

425 568 658 608 EUGENIUS
685 575 934 613 KOELBING,
967 576 1024 609 Dr.
1054 576 1091 609 P.
1118 577 1154 610 P.
1187 576 1228 609 O.
1275 576 1447 608 Publice
1472 576 1496 608 Ι.
1534 577 1582 608 De
1604 577 1746 608 Miltonis
1776 578 1840 609 vita
1868 582 1897 609 et
1921 578 2051 619 scriptis

273 628 416 659 disseret
446 620 477 660 d.
506 627 611 660 Merc.
641 627 672 660 h.
703 627 759 659 VI.
810 627 1006 659 Privatim
1046 628 1086 660 ΙΙ.
1133 628 1360 670 Shalcespearii
1389 627 1538 667 fabulam
1577 638 1656 669 quae
1684 628 1827 660 Macbeth
1865 628 2053 661 inscribitur

272 679 549 721 interpretabitur
577 679 609 713 d.
638 678 725 711 Ven.
749 679 781 710 h.
805 679 839 710 X
869 686 901 711 et
929 679 988 710 XI.
1045 679 1100 711 111.
1149 679 1298 719 Beowulf
1321 690 1450 711 carmen
1472 679 1755 720 anylosaoeonicum
1776 679 2053 722 interpretabitur

272 731 304 764 (l.
329 731 398 762 Iov.
424 730 455 763 h.
474 730 516 761 X.
542 734 575 762 et
592 729 649 762 XI.
694 730 753 763 IV.
776 731 889 763 Eddae
912 731 1057 762 carmina
1079 731 1193 762 selecta
1216 730 1307 773 leget
1324 740 1404 761 cum
1429 729 1712 761 commilitonibus
1737 730 1769 762 d.
1793 730 1865 763 Iov.
1888 730 1920 764 h.
1939 730 1995 762 VI.
2020 735 2054 762 et

273 782 346 814 VII.
386 782 678 813 Privatissime
707 786 745 813 et
780 781 912 824 gratis
951 781 994 814 V.
1041 781 1214 814 Seminarii
1243 782 1370 823 Anylici
1404 781 1682 814 eaeercitationibus
1715 782 1862 824 praeerit
1901 781 1934 815 d.
1969 781 2053 815 ven.

270 834 304 866 11.
330 833 386 866 VI.
412 838 444 864 et
467 833 541 865 VII.

426 892 690 925 RICHARDUS
715 892 962 925 COLMARUS
987 893 1319 930 GRUENHAGEN,
1346 893 1402 925 Dr.
1427 892 1462 926 P.
1478 892 1514 926 P.
1537 892 1577 926 E.
1614 893 1812 925 Privatim
1828 894 1854 926 I.
1877 894 2054 926 Historiam

271 946 363 985 reqni
391 945 560 977 Borussici
589 945 662 976 inde
691 944 729 976 ab
759 954 843 976 anno
872 945 960 975 1756
988 945 1156 975 enarrabit
1191 944 1223 976 d.
1254 944 1352 976 Mart.
1382 949 1416 976 et
1444 944 1530 976 Ven.
1559 944 1592 977 h.
1622 944 1712 977 VIII.
1761 945 2053 977 Privatissime

272 1003 309 1027 et
333 996 463 1038 gratis
487 996 528 1027 H.
572 997 826 1028 Eaeercitationes
849 996 1238 1037 historico—diplomaticas
1261 995 1401 1028 habebit
1424 995 1456 1029 d.
1478 996 1582 1029 Merc.
1605 996 1639 1029 h.
1658 997 1700 1029 ΙΙ.
1722 1001 1755 1028 et
1774 997 1832 1029 III.

423 1054 617 1087 IACOBUS
643 1055 1002 1092 FREUDENTHAL,
1034 1055 1092 1088 Dr.
1121 1055 1157 1089 P.
1186 1056 1222 1088 P.
1253 1056 1292 1088 E.
1337 1055 1537 1088 Privatim
1565 1057 1591 1089 Ι.
1629 1057 1807 1088 Historiam
1829 1057 2054 1099 philosophiae

276 1108 418 1139 Graecae
436 1107 604 1138 enarrabit
621 1107 652 1140 d.
670 1107 753 1140 Lun.
771 1107 874 1140 Merc.
890 1108 962 1139 Iov.
975 1107 1061 1140 Ven.
1080 1107 1112 1140 li.
1128 1107 1168 1139 V.
1203 1107 1498 1140 Privatissime
1515 1112 1554 1139 et
1570 1108 1704 1150 gratis
1718 1108 1760 1140 Π.
1797 1109 2052 1141 Emer-citationes

268 1159 477 1200 philosophas
500 1159 538 1190 de
561 1159 742 1191 Aristotelis
760 1159 968 1200 psycholoyia
992 1158 1221 1190 moderabitur
1244 1159 1276 1190 d.
1300 1159 1399 1192 Mart.
1423 1159 1455 1192 b.
1479 1159 1522 1192 V.
1878 1154 1881 1157 ¹

425 1218 596 1250 VICTOR
619 1218 680 1250 DE
705 1218 918 1256 RICHTER,
943 1218 1001 1252 Dr.
1025 1219 1062 1252 P.
1086 1219 1120 1251 P.
1144 1219 1183 1251 E.
1227 1219 1400 1250 Publice
1422 1221 1448 1252 Ι.
1487 1219 1684 1261 Colloquium
1706 1220 1876 1252 chemicum
1897 1219 2054 1252 instituet

272 1269 374 1300 semel
399 1281 459 1311 per
481 1270 582 1302 hebd.
628 1270 827 1302 Privatim
850 1270 889 1303 ΙΙ.
931 1270 1090 1303 Chemiam
1113 1271 1285 1303 technicam
1309 1270 1446 1302 docebit
1469 1271 1521 1302 bis
1545 1282 1605 1313 per
1627 1271 1728 1303 hebd.

425 1329 556 1362 HUGO
580 1330 784 1367 WEISKE,
819 1330 875 1363 Dr.
902 1330 934 1363 P.
958 1330 994 1363 P.
1019 1330 1057 1363 Ε.
1103 1330 1273 1362 Publice
1302 1331 1328 1363 Ι.
1375 1331 1534 1371 Analysin
1561 1331 1731 1362 chemicam
1754 1331 1798 1362 ad
1825 1331 2054 1371 amiciatur-am

272 1382 482 1422 pertinentem
505 1381 617 1413 tradet
641 1386 674 1413 et
697 1381 1044 1413 demonstrationibus
1075 1381 1260 1413 illustrabit
1289 1381 1321 1414 d.
1345 1381 1416 1413 Sat.
1446 1381 1478 1413 h.
1503 1381 1545 1414 X.
1590 1381 1791 1413 Privatim
1814 1382 1855 1414 Π.
1887 1382 2054 1414 Emer-cilo·

274 1434 374 1464 tiones
391 1433 546 1465 chemicas
568 1434 611 1465 ad
625 1434 855 1473 ayricalturam
866 1435 1063 1475 pertinentes
1080 1433 1310 1465 moderabitur
1334 1433 1516 1475 quinquies
1533 1443 1593 1475 per
1608 1432 1710 1465 hebd.
1727 1432 1760 1465 h.
1775 1432 1894 1465 II—V.
1924 1432 1981 1466 111.
2004 1433 2054 1465 De

274 1485 460 1516 animalium
483 1486 726 1517 domesticorum
744 1486 894 1526 pastione
918 1485 1063 1516 disseret
1086 1484 1117 1517 d.
1141 1486 1212 1517 Iov.
1238 1489 1271 1516 et
1293 1486 1376 1516 Ven.
1402 1484 1433 1516 b.
1457 1483 1500 1516 X.

425 1543 685 1576 RICHARDUS
708 1543 977 1582 METZDORF,
1007 1545 1062 1577 Dr.
1086 1544 1123 1576 P.
1146 1544 1182 1576 P.
1206 1544 1245 1576 E.
1291 1543 1461 1575 Publice
1485 1544 1510 1576 I.
1549 1544 1844 1576 Demonstrationes
1865 1543 1909 1575 ad
1927 1543 2056 1576 morbos

274 1595 458 1627 animalium
487 1596 729 1628 domesticorum
753 1597 948 1637 pertinentes
974 1596 1127 1628 instituet
1151 1596 1182 1628 d.
1207 1596 1310 1627 Merc.
1334 1596 1368 1627 h.
1391 1595 1450 1628 IV.
1496 1595 1696 1626 Privatim
1726 1596 1767 1628 II.
1806 1596 1854 1626 De
1875 1596 1964 1637 equis
1987 1594 2054 1626 dis-

274 1650 363 1677 seret
393 1646 425 1678 d.
448 1646 548 1679 Mart.
578 1647 681 1679 Merc.
704 1647 775 1679 Iov.
806 1647 839 1680 h.
863 1648 921 1680 IX.
966 1648 1023 1680 111.
1057 1649 1221 1689 Hyyienen
1248 1648 1433 1680 animalium
1462 1647 1703 1679 domesticorum
1732 1645 1871 1678 docebit
1899 1645 1932 1679 d.
1954 1645 2054 1679 Mart.

274 1697 306 1729 h.
329 1697 388 1729 IV.
434 1697 725 1729 Privatissimc
742 1698 800 1731 IV.
835 1699 873 1730 In
897 1699 1088 1731 laboratorio
1111 1700 1248 1731 instituti
1262 1700 1448 1731 veterinarii
1469 1709 1605 1741 operam
1629 1698 1759 1729 daturis
1783 1696 1892 1730 aderit
1913 1697 1966 1729 bis
1993 1707 2055 1740 per

274 1748 374 1781 hebd.
405 1749 436 1780 ιι.
462 1749 527 1782 def.
1883 1747 1886 1753 '

426 1800 666 1832 SIGFRIDUS
690 1801 1057 1838 FRIEDLAENDER,
1093 1801 1150 1832 Dr.
1175 1801 1210 1832 P.
1233 1801 1268 1832 P.
1291 1800 1330 1834 E.
1374 1801 1548 1833 Publice
1571 1802 1597 1833 Ι.
1641 1802 1690 1833 De
1713 1801 1938 1842 compositione
1963 1800 2055 1832 lactis

274 1852 403 1892 eiusque
426 1852 551 1892 analysi
573 1852 710 1884 chemica
735 1852 878 1884 disseret
901 1852 932 1883 d.
958 1853 1060 1884 Merc.
1085 1853 1118 1886 b.
1142 1853 1184 1884 X.
1230 1853 1428 1885 Privatim
1460 1854 1500 1884 Π.
1541 1853 1781 1893 Technoloyiam
1803 1852 1894 1883 lactis
1917 1850 2055 1882 docebit

274 1903 306 1934 (1.
335 1902 418 1934 Lun.
444 1909 477 1934 ct
505 1903 602 1935 Mart.
638 1903 670 1935 h.
698 1905 739 1936 X.
784 1905 840 1936 III.
875 1905 913 1936 In
942 1905 1078 1936 instituti
1106 1905 1310 1946 technoloyici
1343 1905 1537 1937 laboratorio
1566 1914 1702 1946 operam
1734 1903 1862 1935 daturis
1890 1901 1999 1934 aderit
2021 1901 2053 1935 d.

273 1954 357 1986 Lun.
382 1954 479 1987 Mart.
503 1955 573 1986 Iov.
597 1954 630 1987 h.
654 1955 768 1988 II—V.
1673 1959 1677 1962 ’

426 2014 697 2047 FRIDERICUS
727 2014 1058 2057 HOLDEFIAEISS,
1083 2016 1141 2048 Dr.
1169 2016 1205 2048 P.
1228 2015 1265 2048 P.
1288 2015 1327 2048 E.
1368 2015 1543 2047 Publice
1567 2016 1591 2048 Ι.
1631 2016 1819 2047 Doctrinam
1840 2015 1890 2046 rei
1910 2014 2054 2047 aviariae

274 2067 432 2098 tractabit
456 2066 487 2097 d.
510 2067 582 2098 Iov.
606 2066 639 2098 h.
663 2066 739 2098 XII.
790 2066 991 2098 Privatim
1025 2068 1066 2098 H.
1118 2068 1292 2099 Doctrinae
1314 2068 1528 2109 ayriculturae
1546 2070 1673 2109 partem
1695 2066 1862 2108 specialem
1885 2065 1998 2098 tradet
2020 2064 2052 2097 d.

276 2118 357 2150 Lun.
382 2117 414 2150 h.
432 2117 522 2149 VIII.
539 2122 572 2148 et
594 2117 664 2155 IX„
690 2117 721 2148 d.
745 2118 815 2149 Sat.
833 2117 866 2149 h.
883 2117 942 2150 XI.
987 2119 1044 2150 ΙΙΙ.
1082 2118 1242 2150 Chemiam
1258 2119 1474 2160 ayriculturae
1495 2118 1633 2150 docebit
1656 2117 1688 2148 d.
1709 2117 1792 2148 Ven.
1812 2121 1846 2148 et
1863 2116 1933 2162 Sat.
1947 2116 1979 2148 h.
1991 2115 2054 2150 IX.
2078 2147 2081 2153 ,

428 2176 675 2210 CONRADUS
698 2177 897 2215 ZACHER,
922 2178 980 2211 Dr.
997 2178 1033 2211 P.
1050 2178 1085 2209 P.
1110 2178 1148 2211 E.
1198 2178 1370 2210 Publice
1397 2179 1422 2211 1.
1459 2179 1615 2210 Theocriti
1641 2178 1752 2218 idyllia
1779 2176 2055 2220 interpretabitur

275 2230 433 2261 adiunctis
456 2230 746 2270 exercitationibus,
770 2230 857 2260 binis
882 2240 942 2272 per
959 2229 1060 2262 hebd.
1078 2229 1109 2262 h.
1128 2229 1194 2263 def.
1224 2230 1421 2262 Privatim
1444 2230 1485 2262 Π.
1511 2229 1612 2262 Taciti
1628 2229 1799 2261 Annalium
1821 2229 1937 2262 libram
1958 2228 1978 2260 Ι
1997 2238 2052 2260 ex-

275 2280 414 2322 plicabit
438 2280 470 2313 d.
494 2281 591 2313 Mart.
617 2281 686 2312 lov.
711 2281 795 2313 Ven.
819 2281 852 2312 h.
876 2281 967 2314 VIII.

426 2340 705 2373 LEONARDUS
730 2341 909 2379 WEBER,
938 2341 993 2374 Dr.
1021 2342 1057 2375 P.
1087 2342 1123 2375 P.
1147 2342 1186 2375 Ε.
1231 2342 1407 2374 Publice
1434 2343 1460 2375 I.
1497 2342 1722 2374 Mensuramm
1744 2341 1958 2382 physicalium
1983 2341 2054 2372 wni-

277 2396 373 2424 tatum
396 2395 551 2425 rationem
575 2397 722 2435 exponet
746 2393 778 2425 d.
803 2393 873 2426 Sat.
897 2393 930 2424 h.
953 2393 1014 2426 IX.
1050 2393 1252 2426 Privatim
1275 2395 1316 2427 Π.
1343 2394 1567 2435 Apparatuum
1589 2396 1619 2425 et
1639 2393 1920 2424 instrumentorum
1941 2392 2055 2433 quibua

271 2444 414 2484 physicis
436 2445 585 2475 utendam
608 2448 654 2475 est
676 2445 831 2476 rationem
856 2444 1101 2476 demonstrabit
1125 2446 1156 2478 d.
1174 2446 1272 2478 Mart.
1293 2445 1398 2477 Mero.
1419 2445 1489 2476 Iov.
1507 2444 1593 2475 Ven.
1618 2444 1650 2476 h.
1673 2443 1733 2476 IX.
1765 2442 2054 2475 Privatissimo

275 2495 330 2526 III.
357 2494 601 2534 Quaestionibus
622 2496 762 2536 physicis
785 2496 908 2528 selectis
932 2507 1067 2538 operam
1094 2496 1222 2528 daturis
1247 2496 1355 2528 aderit
1379 2495 1532 2538 quotidie
1554 2495 1587 2526 in
1611 2495 1819 2527 laboratorio
1844 2494 1997 2538 physico.
