2138 2748
1165 257 1186 288 5

294 365 438 405 pertinet
462 364 630 402 Horatius,
653 366 721 395 tam
744 364 941 404 perspicuus
964 363 1028 400 ille,
1051 365 1088 394 ut
1111 362 1287 403 epistulam
1310 371 1412 402 prosa
1435 361 1586 393 oratione
1610 362 1705 402 quasi
1728 363 2006 396 commendantis·
2022 373 2061 396 se

296 416 490 455 Maecenati,
514 425 598 457 quae
615 416 676 447 sub
691 415 787 447 titulo
811 415 882 447 eius
898 415 933 446 in
948 424 1067 446 manus
1091 424 1170 446 suas
1191 415 1338 452 venerat,
1360 413 1481 445 falsam
1502 413 1601 445 unice
1623 423 1696 445 eam
1720 414 1763 445 oh
1786 424 1858 446 rem
1880 415 2061 448 Suetonius

293 470 434 508 putaret,
464 468 554 508 quod
575 467 719 499 obscura
742 469 822 506 erat,
846 476 911 507 quo
934 465 1025 505 vitio,
1052 468 1089 498 ut
1111 466 1231 498 merito
1254 465 1356 504 addit,
1385 465 1524 496 minime
1545 466 1732 497 tenebatur.
1777 465 1861 498 Cum
1876 469 2062 507 'praeterea

294 520 391 560 pauci
420 521 550 551 veteres
579 519 762 559 scriptores
784 518 975 557 traditione,
996 520 1033 550 ut
1056 517 1102 549 ita
1125 517 1244 556 dicam,
1266 519 1336 549 tam
1358 516 1453 549 firma
1475 519 1508 548 et
1530 519 1623 549 certa
1644 517 1687 549 ad
1709 527 1772 549 nos
1795 518 1971 559 propagati
1992 519 2062 552 sint

299 581 399 612 quam
415 571 584 609 Horatius,
607 571 734 609 credas,
758 570 984 602 emendationi
1007 570 1042 601 in
1066 579 1106 601 eo
1129 569 1334 601 exercendae
1355 569 1439 601 fines
1456 569 1538 600 satis
1553 571 1714 609 angustos
1729 569 1956 611 praescriptos
1970 580 2062 604 esse:

295 625 329 655 at
352 625 486 663 praeter
507 624 625 663 poetas
649 622 822 654 scaenicos
846 622 1001 660 Graecos,
1025 621 1060 653 in
1083 630 1168 662 quos
1190 622 1295 653 effusa
1318 630 1400 652 sane
1415 620 1551 652 licentia
1565 621 1718 652 certatim
1733 623 1939 661 grassantur,
1961 632 2062 655 neno

295 674 366 706 fere
401 674 694 715 grammaticorum
729 673 930 706 coniecturis
963 682 1067 714 aeque
1100 675 1281 713 temptatus
1315 681 1353 704 ac
1388 672 1456 704 fere
1484 672 1624 704 obrutus
1653 674 1714 704 est.
1769 672 1917 711 Quarum
1942 674 2063 706 altini-e

296 735 336 758 ac
350 726 554 765 sublimiore,
571 726 660 767 quod
676 726 789 765 fertur,
805 735 935 766 genere,
952 725 1041 766 quod
1058 734 1132 756 cum
1147 724 1190 756 ad
1205 723 1494 765 transpositiones,
1510 733 1594 764 quae
1610 723 1776 764 dicuntur,
1790 726 1862 756 tum
1876 725 1920 757 ad
1933 735 2061 764 venus,

295 778 463 818 strophas,
487 778 634 810 carmina
657 777 792 810 insitiva
814 777 1047 817 investiganda
1069 778 1102 808 et
1126 776 1278 808 eicienda
1299 776 1455 816 pertinet,
1479 775 1522 807 ad
1544 777 1676 816 tempus
1700 775 1838 815 omisso,
1865 777 2005 810 alterius
2024 778 2060 810 in

295 829 436 870 singulis
455 830 557 862 modo
572 830 682 862 verbis
706 829 948 870 sententiisque
971 828 1191 861 emendandis
1215 830 1377 868 occupato
1401 827 1554 868 exempla
1576 827 1739 859 nonnulla
1759 837 1949 869 proponere
1970 829 2062 862 libet.

294 880 386 919 Quae
409 881 509 922 igitur
532 882 578 914 ita
601 881 699 913 nobis
723 881 757 913 in
780 881 875 913 libris
891 881 1085 913 Horatianis
1107 880 1231 912 tradita
1247 881 1335 918 sunt,
1357 881 1394 911 ut
1410 879 1457 911 illi
1472 881 1592 920 poetae
1606 879 1804 920 proprietati
1818 880 1929 920 primo
1943 881 2062 914 obtutu

295 933 463 965 contraria
492 943 568 965 esse
590 933 775 972 videantur,
799 943 839 965 ea
862 933 978 965 sedulo
1007 932 1140 974 quidem
1168 932 1400 972 undecumque
1429 930 1690 971 contemplanda
1717 933 1804 970 sunt,
1832 941 1912 964 num
1938 932 2062 965 iusim

292 986 405 1016 tamen
428 987 462 1017 et
484 994 503 1017 a
526 987 646 1026 poetae
668 985 780 1017 indole
803 985 860 1016 illa
889 994 958 1016 non
981 986 1144 1016 remotam
1174 993 1313 1024 eamque
1342 983 1384 1015 ob
1412 992 1484 1015 rem
1512 982 1723 1015 tolerabilem
1750 982 2062 1024 interpretationem

295 1036 491 1069 admittant:
515 1037 543 1069 si
565 1047 646 1069 vero
669 1037 810 1069 inveniri
834 1036 958 1078 nequit,
981 1045 1158 1077 perversae
1181 1034 1460 1076 interpretationi,
1482 1044 1502 1066 a
1523 1034 1616 1066 bona
1635 1034 1694 1066 illa
1713 1036 1836 1074 mente,
1859 1035 2063 1077 quaeipsius

289 1090 410 1129 poetae
425 1098 521 1120 mens
543 1091 604 1127 est,
628 1088 758 1120 alienae
780 1088 943 1129 praeferri
966 1089 1065 1120 debet
1088 1087 1278 1120 emendatio
1308 1097 1421 1128 eaque,
1447 1088 1485 1118 ut
1512 1096 1573 1127 per
1595 1096 1632 1118 se
1659 1088 1763 1127 patet,
1789 1087 1837 1119 ita
1859 1090 2063 1129 comparata,

292 1141 328 1172 ut
344 1140 484 1172 minima
499 1150 562 1181 ope
579 1142 717 1172 externa
732 1140 883 1172 adhibita
898 1142 995 1181 aptus
1010 1141 1130 1181 poetae
1146 1149 1185 1172 ac
1202 1139 1343 1180 simplex
1359 1147 1479 1170 sensus
1495 1138 1623 1170 evadat.
1647 1138 1736 1171 Sane
1748 1138 1848 1179 igitur
1858 1139 1929 1171 fleri
1939 1141 2063 1180 potest,
2116 1139 2119 1142 ’

293 1193 330 1224 ut
352 1192 429 1224 talis
452 1193 545 1224 locus
568 1202 674 1233 usque
703 1192 747 1224 ad
769 1193 856 1224 hanc
889 1193 1033 1224 aetatem
1066 1201 1126 1232 per
1159 1200 1277 1223 omnes
1311 1190 1476 1222 editiones
1509 1191 1680 1231 tamquam
1713 1200 1816 1222 sanus
1847 1194 2063 1232 propagans,

289 1245 412 1283 tamen,
443 1244 521 1285 quia
544 1244 731 1285 simplicem
754 1244 840 1276 hanc
863 1245 963 1285 atque
985 1243 1083 1276 unice
1104 1243 1235 1275 Horatii
1270 1242 1375 1274 indoli
1410 1242 1667 1274 convenientem
1683 1268 1686 1269 γ
1700 1242 2062 1283 explicationem-non

288 1295 453 1334 admittat,
497 1295 532 1327 in
577 1295 803 1336 suspicionem
847 1295 1018 1327 vocandus
1060 1294 1113 1327 sit.
1178 1294 1223 1327 At
1266 1294 1308 1326 de
1352 1293 1535 1326 rarissimis
1579 1293 1678 1325 huius
1722 1294 1856 1334 generis
1899 1295 2062 1337 exemptis

289 1357 379 1379 nunc
405 1357 475 1379 non
498 1347 675 1389 loquimur,
699 1347 759 1379 sed
782 1347 823 1379 de
846 1347 953 1379 altero
976 1347 1034 1379 illo
1061 1356 1193 1387 genere,
1228 1346 1317 1387 quod
1349 1345 1431 1377 vitia
1465 1345 1617 1377 sananda
1650 1354 1719 1377 non
1753 1346 1842 1377 inter
1874 1345 2000 1379 studia·
2017 1347 2062 1380 ad

290 1399 488 1439 scriptorem
504 1401 595 1432 recte
618 1399 879 1440 intellegendum
901 1401 935 1431 et
950 1398 1196 1431 aestimandum
1219 1400 1318 1439 atque
1341 1397 1384 1429 ad
1399 1397 1526 1429 fructus
1550 1406 1591 1429 ex
1608 1397 1766 1437 operibns
1790 1397 1861 1430 eins
1884 1397 2063 1440 decerptos

290 1451 333 1482 ad
355 1451 616 1491 grammaticam,
640 1451 826 1483 litterarum
856 1451 1033 1483 historiam
1061 1450 1318 1491 universamque
1345 1449 1580 1490 antiquitatem
1607 1448 1842 1481 illustrandam
1870 1449 2063 1483 adhibenda

287 1511 349 1544 per
371 1503 504 1535 labores
533 1504 663 1544 amplos
687 1513 725 1535 ac
748 1503 950 1544 longinquos
973 1502 1111 1541 invenit,
1135 1502 1196 1534 sed
1219 1501 1297 1533 data
1320 1509 1423 1542 opera
1445 1500 1567 1532 horum
1589 1499 1740 1532 omnium
1763 1499 1833 1532 fere
1854 1500 2063 1534 incuriosum

287 1554 384 1586 unice
414 1554 543 1595 quaerit
571 1557 670 1596 atque
700 1554 927 1593 coniecturas,
957 1563 1042 1595 quae
1069 1563 1130 1595 pro
1161 1552 1453 1585 emendationibus
1481 1551 1640 1592 venditat,
1670 1561 1740 1583 non
1769 1561 1881 1591 manu,
1909 1553 1972 1585 sed·
1997 1551 2063 1595 ὅλῳ

287 1606 329 1647 τῷ
350 1605 483 1648 θυλάκῳ
507 1606 616 1638 fundit
636 1606 688 1638 vel
712 1605 812 1638 nullis
836 1608 893 1638 aut
916 1605 1122 1647 parcissimis
1146 1603 1491 1646 argumentationibus
1515 1603 1667 1642 adiectis,
1689 1603 1742 1635 vel
1759 1603 1879 1644 spissis
1896 1604 2062 1637 maximae

288 1657 455 1690 interdum
484 1658 680 1690 eruditionis
703 1659 849 1690 nubibus
873 1657 1059 1698 simplicem
1087 1657 1238 1689 locorum
1268 1665 1404 1688 sensum
1434 1655 1693 1687 obscurantibus
1721 1655 1828 1696 magis
1856 1665 1956 1697 quam
1983 1655 2060 1689 illu-

288 1709 505 1742 minantibus.
550 1710 618 1742 Nec
645 1710 679 1741 in
702 1710 817 1742 alteris
840 1709 906 1741 illis
936 1709 999 1741 etsi
1028 1709 1116 1741 iusta
1149 1708 1279 1740 ratione
1313 1707 1458 1740 inventis
1493 1707 1608 1739 omnia
1638 1716 1719 1739 vera
1752 1717 1838 1746 esse,
1870 1707 2063 1749 philologus

289 1761 408 1793 harum
442 1771 553 1794 rerum
588 1761 797 1802 aliquatenus
834 1762 953 1793 saltem
986 1761 1114 1802 peritus
1148 1759 1356 1801 exspectabit
1389 1761 1446 1791 aut
1477 1760 1612 1799 poscet,
1650 1768 1780 1791 memor
1811 1769 1945 1799 eorum,
1977 1770 2062 1801 quae

288 1822 437 1845 summus
461 1813 671 1846 Godofredus
694 1813 907 1845 Hermannus
932 1813 1015 1845 olim
1039 1812 1132 1851 dixit,
1166 1812 1238 1852 ipse
1273 1820 1354 1843 sane
1387 1811 1430 1843 ad
1453 1810 1664 1842 coniecturas
1695 1811 1916 1852 proferendas
1947 1811 2062 1853 pauno

286 1865 497 1907 propensior,
531 1866 592 1897 sed
626 1865 738 1897 divino
772 1865 842 1897 fere
878 1865 1052 1901 instinctu,
1087 1873 1155 1896 non
1196 1862 1388 1895 sedentaria
1426 1862 1484 1894 illa
1521 1861 1717 1894 morositate
1756 1862 1902 1904 antiquis
1940 1863 2062 1896 litteris

292 1917 531 1958 promovendis
559 1919 659 1958 atque
693 1916 901 1948 illustrandis
924 1917 1089 1954 intentus,
1123 1917 1301 1947 contentos
1334 1924 1397 1947 nos
1431 1924 1506 1946 esse
1540 1914 1673 1953 debere,
1689 1946 1692 1948 ,
1707 1914 1735 1946 si
1769 1914 1856 1947 inter
1889 1914 2063 1948 duodenas

288 1968 498 2000 coniecturas
526 1968 676 2009 singulae
709 1969 810 2000 modo
835 1970 947 2000 rectae
982 1967 1205 2000 inveniantur.
1251 1967 1376 1998 Plausu
1404 1966 1503 2007 igitur
1531 1967 1649 1998 nostro
1676 1976 1746 1998 non
1768 1966 1924 2007 indignas
1946 1966 2063 1999 existi·

291 2020 456 2052 mabimus
481 2030 538 2052 eas
562 2020 864 2052 commentationes
888 2019 1032 2058 criticas,
1055 2029 1140 2060 quae
1164 2029 1205 2050 ex
1229 2018 1339 2051 studio
1362 2018 1431 2050 veri
1454 2018 1647 2050 inveniendi
1668 2020 1778 2059 atque,
1801 2018 1830 2050 si
1853 2028 1937 2060 opus
1960 2021 2062 2058 esset,

289 2073 498 2105 instaurandi
521 2073 563 2105 ab
587 2073 780 2106 hominihus
802 2071 974 2113 profectae
989 2073 1077 2111 sunt,
1100 2071 1156 2112 qui
1171 2071 1276 2112 probe
1292 2070 1531 2111 intellegebant
1548 2066 1764 2102 ‘emendandi
1779 2070 1972 2103 facultatem
1989 2080 2061 2104 non

286 2126 392 2157 totam
408 2124 443 2156 in
460 2125 604 2165 quadam
621 2125 790 2157 celeritate
807 2123 933 2164 ingenii
951 2123 1231 2164 cogitationisque
1247 2122 1400 2155 acumine
1417 2132 1492 2154 esse
1507 2121 1664 2163 positam,
1680 2122 1740 2154 sed
1755 2122 1864 2164 ipsam
1878 2132 2010 2165 quoque
2020 2122 2062 2156 ,in
2094 2132 2097 2138 ⁴

289 2177 396 2208 artem
428 2176 523 2217 quasi
547 2176 715 2217 quandam
738 2175 843 2216 redigi
866 2185 979 2216 posse,
1001 2176 1112 2215 atque,
1136 2174 1164 2206 si
1187 2175 1342 2207 universe
1366 2173 1540 2213 iudicetur,
1562 2183 1621 2206 eos
1645 2174 1701 2215 qui
1728 2174 1763 2205 in
1785 2173 1959 2208 codicibus
1984 2183 2061 2206 con-

293 2227 440 2260 ferendis
471 2237 652 2268 eorumque
687 2227 839 2266 familiis,
873 2237 954 2268 quas
982 2228 1115 2265 vocant,
1147 2225 1378 2259 describendis
1410 2225 1535 2258 versati
1569 2225 1648 2265 sint,
1681 2225 1864 2258 dummodo
1895 2225 2062 2267 probabili

293 2279 435 2312 scientia
468 2280 623 2312 instructi
657 2279 790 2318 fuerint,
823 2279 899 2320 plus
933 2279 1002 2310 fere
1034 2277 1230 2319 profecisse,
1265 2288 1364 2318 quam
1396 2277 1687 2319 ingeniosissimos
1720 2279 1820 2318 atque
1852 2277 2061 2319 antiquitatis

288 2331 526 2372 peritissimos,
542 2331 599 2372 qui
615 2334 741 2364 certam
757 2331 845 2363 viam
861 2331 987 2363 nullam
1004 2329 1109 2362 secuti
1124 2329 1225 2361 modo
1243 2339 1373 2362 summa
1389 2339 1538 2371 quaeque
1554 2329 1735 2370 attigerint,
1751 2329 1852 2362 modo
1864 2328 2060 2371 longissime

289 2393 309 2416 a
341 2393 420 2415 vero
456 2381 704 2415 aberraverint'.
748 2383 858 2415 Verba
891 2383 974 2415 haec
1008 2381 1152 2414 hamulis
1187 2381 1316 2413 inclusa
1350 2382 1428 2413 sunt
1460 2381 1594 2413 Ioannis
1621 2381 1781 2420 Horkelii,
1815 2380 1896 2412 olim
1928 2390 2059 2412 mecum

290 2434 460 2467 seminarii
482 2434 676 2475 philologici
689 2434 919 2466 Berolinensis
943 2433 1084 2466 ducibus
1099 2433 1268 2474 primariis
1290 2434 1440 2474 Augusto
1457 2433 1626 2465 Boeckhio
1650 2435 1682 2464 et
1706 2432 1827 2464 Carolo
1842 2432 2058 2464 Lachmanno

290 2486 426 2525 sodalis,
448 2488 662 2527 praematura
675 2489 784 2519 morte
801 2487 921 2519 litteris
939 2485 1171 2519 communibus
1190 2486 1257 2518 iam
1273 2485 1398 2518 dudum
1414 2485 1529 2526 erepti,
1553 2495 1594 2517 ex
1608 2484 1816 2525 praefatione
1831 2483 2060 2519 analectorum

287 2538 548 2570 Horatianorum
561 2538 709 2570 Berolini
731 2548 760 2570 a.
779 2538 859 2570 1852
883 2539 924 2570 ab
948 2548 988 2570 eo
1011 2537 1177 2570 editorum
1199 2547 1231 2578 p.
1251 2538 1263 2568 1
1284 2547 1333 2578 sq.
1355 2537 1470 2577 petita.
1508 2535 1572 2575 Qui
1587 2536 1658 2574 ¹etsi
1681 2536 1716 2575 in
1737 2535 1890 2576 proxime
1913 2544 2060 2577 semieu-
