2138 2748
714 242 748 268 A.
770 240 917 269 GELLII
931 240 1010 268 LIB.
1031 240 1056 268 I:
1077 241 1159 269 GAP.
1179 241 1282 268 XXII.
1846 240 1884 272 19

259 337 391 369 indictum
414 339 615 377 inscitumque]
660 338 854 368 Buslidianus
887 338 983 375 male,
1016 337 1159 376 indicium,
1194 338 1219 367 ἃ
1253 338 1329 367 alter
1361 338 1504 376 Puteani3
1544 338 1729 376 insulamque.
1763 336 1883 366 indictus
1901 340 1966 371 311

106 391 161 420 pro
183 390 240 412 non
263 381 352 411 dictus
374 381 528 420 Terentio,
551 381 687 420 Virgilio,
711 381 859 419 Ciceroni,
881 380 970 410 Liuio
992 389 1053 410 non
1083 382 1129 410 est
1160 380 1346 418 infrequens.
1386 381 1476 418 igitur
1502 381 1566 410 vult
1594 380 1704 418 dicere,
1734 389 1800 409 eum
1831 380 1882 418 qui

106 425 149 455 ita
171 425 322 463 loquatur,
345 424 423 454 velle
447 424 606 462 designare
629 425 785 463 quippiam
809 432 911 453 eorum
936 432 1013 460 quae
1037 423 1176 461 superius
1199 424 1303 461 verbo,
1326 432 1497 461 superesse,
1521 423 1667 453 contineri
1689 423 1800 452 dictum
1822 432 1883 452 non

108 470 164 499 est.
201 470 233 497 at
254 469 303 506 vt3
326 467 453 496 inscitum
476 467 516 497 sit
539 467 622 505 quod
643 477 704 497 nou
728 467 849 505 sciatur,
873 465 1125 504 quemadmodum
1154 466 1202 495 hic
1231 467 1300 504 capi
1329 466 1478 503 existimo,
1508 467 1597 504 plane
1626 475 1736 495 nouum
1766 468 1822 495 est.
1857 464 1882 494 ἅ

109 512 195 540 crunt
218 510 270 548 qui
293 518 358 539 eam
382 518 486 539 vocem
510 510 539 539 iu
563 510 684 548 vulgato
709 509 877 547 significatu
898 509 1002 539 volent
1025 509 1176 538 exaudire.
1213 509 1322 546 quibus
1345 518 1409 538 non*
1427 518 1572 547 repugno.

259 558 446 602 ἀκυρωτὲρῳ
470 560 575 599 verba]
620 561 754 591 rationes
784 560 875 591 Gellii
902 569 963 590 non
992 560 1066 590 satis
1095 560 1249 598 intelligo,
1283 559 1308 588 ἀ
1342 560 1414 589 mihi
1446 560 1567 597 quidem
1602 559 1741 589 videntur
1769 558 1883 597 oppido
1902 566 1918 595 5
1939 563 1970 589 12

108 606 198 644 quam
220 604 352 643 ineptae.
391 604 465 642 quid
488 604 566 634 enim
587 604 637 634 hic
660 604 758 642 [Verg.
782 602 818 634 G.
841 604 887 633 111
913 602 971 640 10].

1367 643 1450 674 modo
1472 645 1530 673 vita
1551 646 1682 683 supersit,

107 694 232 739 ἀπόρως
254 697 365 745 dictum
388 698 485 728 videri
506 698 631 737 potest?
668 707 707 727 an
729 706 790 727 non
811 697 856 727 illi
879 697 976 727 simile
1001 699 1047 727 est
1075 697 1175 735 [Verg.
1204 695 1282 726 Aen.
1312 696 1356 725 111
1384 705 1413 725 v.
1447 695 1506 725 339
1537 696 1684 725 conflatus
1707 704 1773 725 cum
1796 696 1848 726 lib.
1872 695 1885 724 Ι

105 751 135 773 ν·
158 741 220 819 546.
243 741 302 779 ⁵4]
1249 784 1400 820 superatne
1422 785 1446 810 et
1468 782 1588 810 vescitur
1610 791 1684 810 aura

310 825 461 855 Aetheria?

107 877 182 916 quid
204 877 282 907 enim
304 877 398 907 refert
421 877 516 917 dieas,
538 878 599 916 ipse
621 880 747 915 superat,
771 886 809 906 an
831 877 888 906 m'ta
910 876 967 914 ipsi
982 875 1128 914 superest?
1150 875 1249 913 dein*)
1273 875 1299 905 si
1321 884 1387 913 pro,
1410 878 1528 912 restare,
1558 874 1617 904 dici
1640 875 1735 912 probe
1760 873 1887 910 fatetur:¹

107 929 160 951 eur
193 929 255 950 non
283 920 379 958 probe
413 921 502 950 etium
536 921 593 950 vita
627 920 667 949 illi
695 922 822 959 superest
855 919 954 949 efferri
987 918 1111 957 potest?
1149 922 1180 948 at
1209 918 1341 948 debebat
1369 918 1541 947 meminisse
1565 917 1682 946 Gellius
1705 926 1791 947 suum
1814 917 1888 946 illud

107 965 255 1003 περιεῖναι
278 963 367 993 etiam
390 972 538 1002 superesse
567 962 592 992 &
614 963 788 1001 superstitem
812 971 872 991 esse
895 962 1050 992 denotare.
1096 961 1178 999 quod
1201 961 1265 991 siue
1289 961 1426 991 consulta
1451 969 1544 999 opera
1572 961 1675 998 tacuit,
1710 961 1775 990 siue
1804 960 1887 998 igno-

106 1006 199 1044 rauit3
227 1006 384 1044 Virgilium
413 1007 509 1036 omnis
537 1008 671 1035 veterum
701 1006 879 1043 scriptorum
909 1005 1071 1034 auctoritas
1101 1005 1181 1034 omni
1210 1004 1299 1042 culpa
1327 1004 1477 1034 liberauit.
1515 1003 1707 1032 Herodianus
1737 1005 1828 1041 certe,
1857 1006 1889 1031 vt

109 1049 302 1079 obseruatum
331 1051 387 1087 est,
414 1046 528 1089 περιών
557 1048 632 1078 dixit
658 1057 713 1086 pro
743 1047 905 1086 superstite
940 1048 1016 1076 libro
1047 1050 1153 1084 quarto
1188 1047 1224 1085 [e.
1255 1047 1272 1075 9
1297 1046 1316 1085 ξ
1341 1046 1379 1084 2]-
1413 1045 1467 1075 καὶ
1495 1045 1549 1076 τοῦ
1572 1043 1709 1086 ἀδελφοῦ
1732 1042 1889 1086 περιόντος

107 1090 162 1122 καὶ
184 1089 262 1132 μετὰ
284 1088 335 1122 τὸν
359 1089 476 1122 ἐκείνου
499 1089 600 1132 φόνον.
645 1089 739 1129 Igitur
761 1090 841 1120 aliud
866 1090 939 1119 nihil
962 1092 1018 1128 est,
1041 1090 1098 1119 vita
1120 1091 1250 1129 supersit,
1275 1098 1364 1127 quam
1387 1090 1445 1118 vita
1468 1092 1548 1118 restet
1570 1092 1594 1118 et
1616 1089 1651 1118 stt
1671 1089 1789 1127 reliqua.
1827 1091 1889 1126 sut,

107 1136 140 1164 vt
160 1136 270 1173 postea
293 1134 384 1173 dicet,
405 1137 548 1173 superstes
571 1134 614 1163 sit.

259 1186 382 1224 supersit
405 1184 494 1223 dixit]
540 1185 701 1215 Suetonius
724 1187 825 1214 tamen
848 1185 878 1213 in
900 1185 1037 1221 Augusto
1062 1184 1098 1222 [e.
1123 1184 1171 1222 56]
1195 1192 1343 1222 superesse
1372 1183 1447 1212 dixit
1469 1192 1523 1221 pro
1553 1182 1653 1212 adesse
1676 1183 1701 1212 ἃ
1729 1181 1888 1220 defendere,

109 1229 213 1258 contra
236 1237 325 1266 quam
349 1227 466 1258 Gellius
490 1236 543 1258 eos
567 1228 619 1266 qui
641 1228 765 1266 proprie
789 1227 814 1256 δι
836 1236 897 1257 non
919 1236 1012 1265 praue
1041 1227 1204 1264 loquuntur
1233 1227 1331 1256 solere
1360 1227 1444 1264 loqui
1473 1227 1633 1255 existimat.
1673 1226 1766 1255 verba
1795 1234 1887 1263 appo-

108 1270 208 1301 nenda
230 1273 309 1310 sunt,
331 1273 364 1300 vt
386 1271 418 1300 id
442 1271 523 1308 quod
547 1270 614 1300 dico
637 1279 741 1300 verum
766 1279 835 1300 esse
857 1270 1050 1308 intelligatur.
1089 1268 1160 1299 Cum
1182 1269 1330 1308 Asprenas
1352 1269 1473 1306 Nonius,
1495 1269 1603 1307 inquit,
1626 1269 1716 1297 artius
1738 1269 1764 1297 ei
1780 1269 1888 1297 iunctus

109 1313 159 1352 (de
183 1313 314 1344 Caesare
336 1314 481 1352 loquitur)
505 1322 636 1343 caussam
659 1313 785 1351 veneficii
807 1317 957 1342 accusante
981 1311 1082 1342 Cassio
1105 1311 1211 1341 Seuero
1236 1310 1239 1352 Ι
1265 1312 1383 1341 diceret.-
1406 1312 1542 1341 consuluit
1564 1315 1689 1340 senatum
1711 1310 1780 1350 quid
1802 1311 1890 1349 officii
1907 1315 1933 1341 Ρ·
1955 1306 2003 1332 ¹07

107 1357 154 1386 sui
171 1359 295 1396 putaret.
333 1357 459 1386 cunctari
481 1357 553 1386 enim
576 1365 606 1385 se
628 1365 672 1394 ne,
695 1357 721 1385 si
743 1359 910 1395 superesset,
939 1354 1045 1394 legibus
1074 1356 1194 1393 eriperet
1221 1364 1316 1384 reum:
1345 1356 1389 1384 siu
1418 1355 1539 1391 deesset,·
1569 1354 1715 1383 destituere
1743 1364 1778 1382 ac
1803 1363 1887 1392 prae·

109 1399 248 1429 damnare
270 1400 390 1429 amicum
413 1399 630 1430 existimaretur.
664 1399 714 1428 hic
736 1401 827 1437 certe,
850 1407 998 1437 superesse
1032 1398 1115 1427 aliud
1147 1407 1207 1427 non
1238 1401 1285 1427 est
1315 1407 1405 1435 quam
1434 1397 1543 1434 adesse,
1576 1399 1608 1426 vt
1638 1400 1684 1426 est
1714 1396 1794 1434 apud
1818 1396 1889 1426 Sue-

109 1442 222 1472 tonium
245 1442 357 1472 ibidem
381 1441 458 1482 [cap.
483 1442 562 1480 eod.]
586 1441 684 1480 Affut't,
713 1442 820 1479 inquit,
849 1445 873 1470 et
896 1440 1048 1479 clientibus,
1076 1443 1155 1470 sucat
1182 1442 1307 1470 scutario
1330 1440 1443 1470 cuidam
1465 1443 1582 1469 euocato
1605 1439 1747 1478 quondam
1769 1448 1820 1468 suo
1843 1440 1891 1477 qm·

107 1484 305 1524 postulabatur
326 1485 506 1514 iniuriarum.

261 1545 295 1565 ne
318 1535 420 1566 blando
443 1536 600 1575 nequeant]
647 1535 768 1573 quidam
790 1535 935 1573 Puteani3
957 1537 1083 1573 nequeat.
1123 1535 1214 1572 slter3
1233 1534 1335 1573 possit.
1373 1537 1505 1572 nequeat,
1538 1534 1609 1571 quin
1641 1532 1797 1571 scripserit
1825 1532 1889 1561 Vir·
1909 1536 1923 1565 ς
1944 1534 1975 1560 13

109 1578 199 1618 gilius
222 1578 344 1608 dubium
366 1587 426 1608 non
451 1581 512 1609 est:
536 1587 602 1608 cum
625 1579 655 1607 in
679 1578 897 1616 antiquissimis
921 1577 1076 1607 codicibus
1098 1577 1141 1606 ita
1164 1586 1233 1607 esse
1255 1577 1427 1606 iamdudum
1451 1577 1657 1615 compererim.
1695 1584 1804 1605 sensus
1827 1578 1889 1605 est:

110 1622 166 1652 sub
188 1624 308 1660 tempus
331 1621 518 1651 admissurae
540 1622 644 1660 legunt
678 1621 736 1651 sibi
760 1629 868 1660 equum
891 1620 1033 1650 idoneum
1057 1620 1107 1658 qui
1132 1629 1227 1657 equas
1257 1621 1353 1649 ineat:
1389 1628 1517 1657 eumque
1546 1621 1627 1649 recte
1656 1621 1777 1655 eurant3
1811 1621 1843 1647 vt
1866 1617 1891 1646 ἀ

109 1664 227 1694 libidini
250 1673 393 1702 equarum
418 1663 557 1703 sufficiat,
581 1664 606 1694 ἀ
628 1673 666 1693 ne
689 1663 844 1693 infimitas
867 1672 905 1693 ex
927 1663 1029 1692 inedia
1057 1663 1240 1701 proueuiens
1269 1663 1360 1700 pullis
1391 1663 1511 1700 equinis
1539 1665 1656 1691 noceat.
1701 1661 1758 1691 hoc
1786 1661 1891 1690 vitium

111 1708 142 1737 in
171 1708 292 1745 scriptis
315 1707 489 1745 Virgilianis
512 1707 672 1737 etiamnum
695 1706 820 1736 haerere
842 1706 1037 1736 vehementer
1058 1706 1206 1744 indignor.
1240 1715 1346 1735 versus
1370 1708 1439 1735 sunt
1463 1705 1513 1743 [G.
1537 1705 1582 1734 111
1609 1705 1666 1733 125
1691 1702 1787 1743 sqq.]:

315 1748 402 1790 Quem
425 1746 515 1788 tepere
538 1749 636 1779 ducem
658 1753 683 1779 et
702 1750 802 1788 pecori
824 1749 922 1778 discere
943 1749 1092 1786 maritum,-

313 1791 507 1832 Floreutisque
529 1796 624 1822 secant
645 1792 758 1831 herbas,
774 1793 939 1830 fluuiosque
960 1792 1118 1820 ministrant

314 1834 478 1874 Farraque,
501 1845 536 1865 ne
559 1835 663 1865 blando
685 1838 804 1874 nequeat
825 1843 973 1873 superesse
995 1833 1103 1864 labori:

313 1878 492 1917 quatidique
511 1881 628 1917 patrum
649 1879 775 1915 reserant
796 1878 903 1907 ieiunia
925 1881 993 1906 natu.

113 1923 145 1951 at
165 1921 210 1950 illi
232 1921 276 1950 ita
297 1924 480 1959 acceperunt
500 1921 629 1960 proinde
653 1921 741 1959 quasi
763 1921 912 1950 voluisset
934 1920 1076 1958 Virgilius
1098 1921 1261 1958 propterea
1273 1928 1352 1957 equo
1375 1919 1446 1957 plus
1461 1918 1520 1948 cibi
1537 1918 1611 1956 dari,
1634 1921 1666 1947 vt
1683 1918 1724 1948 ait
1740 1916 1893 1955 Varro**)‚

112 1963 195 2002 quod
218 1964 332 2002 alioqui
354 1964 518 1994 timendum
542 1966 624 1994 esset
646 1972 684 1993 ne
706 1964 780 2001 nati,
802 1963 861 1992 hoc
884 1965 940 2001 est,
962 1963 1037 2001 pulli
1059 1963 1221 2000 nequirent
1243 1971 1404 2000 superesse
1431 1961 1544 1991 blando
1568 1962 1674 1998 labori,
1713 1961 1737 1990 ἃ
1760 1961 1893 1990 referent

113 2015 257 2044 equorum
285 2007 407 2038 ieiunia.
447 2007 502 2036 sed
525 2007 593 2044 quis
617 2007 643 2036 is
666 2006 789 2036 tandem
817 2006 946 2035 blandus
969 2006 1055 2035 labor
1077 2007 1095 2034 a
1118 2014 1178 2043 quo
1208 2014 1246 2035 ne
1269 2005 1344 2043 pulli
1367 2005 1574 2042 opprimantur
1596 2005 1695 2034 cautio
1720 2004 1788 2033 est?
1825 2003 1891 2033 Ser-

112 2050 179 2080 uius
209 2051 289 2079 certe
318 2050 360 2079 ait
386 2049 578 2088 periphrasin
601 2058 670 2080 esse
694 2050 802 2080 coitus.
837 2049 919 2086 quod
942 2057 1021 2086 equo
1044 2058 1105 2078 non
1127 2049 1220 2086 pullis
1244 2048 1364 2086 equinis
1387 2047 1537 2077 conuenit.

262 2100 454 2139 perficiendae
475 2101 518 2130 rei
540 2099 662 2140 adesse]
709 2101 822 2139 optima
836 2102 923 2130 vetus
945 2100 1037 2129 editio
1054 2099 1080 2129 ἀ
1094 2101 1222 2137 vterque
1242 2099 1320 2129 liber
1340 2099 1484 2128 Puteani:
1506 2097 1698 2136 perficiendae
1720 2097 1763 2125 rei
1785 2096 1890 2126 deesse.
1910 2105 1924 2134 5
1949 2103 1981 2129 14

113 2142 195 2181 quod
211 2143 371 2173 manifesto
386 2152 490 2174 verum
506 2146 562 2174 est.
590 2146 637 2174 est
653 2144 731 2174 enim
747 2152 904 2182 superesse,
928 2152 988 2172 non
1004 2142 1114 2172 adesse
1132 2143 1160 2172 ei
1175 2143 1219 2171 rei
1242 2151 1319 2180 quae
1336 2142 1468 2171 debebat
1491 2140 1603 2178 perfici.
1643 2142 1695 2169 aut
1717 2140 1820 2178 potius
1842 2149 1892 2169 res

111 2185 311 2267 ξρεῗῖἳὶοὲξίιῖ
333 2195 505 2226 superesse,
540 2195 619 2225 quae
652 2187 769 2224 reliqua
804 2188 851 2216 est
882 2185 1053 2223 nequedum
1082 2185 1229 2224 perfecta.
1272 2185 1433 2214 Terentius
1461 2183 1699 2213 Heautontimor.
1723 2183 1775 2221 [lv
1798 2183 1827 2221 5,
1852 2183 1889 2211 23

315 2270 367 2301 sed
383 2280 475 2310 porro
497 2271 624 2302 auscndta
645 2270 722 2310 quod
743 2274 869 2310 superest
882 2270 1032 2309 fallaciae.

283 2405 311 2438 *)
326 2400 408 2432 'dein'
421 2419 431 2425 ·
442 2405 470 2432 in
489 2408 558 2433 extr.
578 2405 633 2438 lin.,
651 2405 766 2433 videtur
784 2405 911 2432 voluisse
925 2401 1060 2447 'deinde‘²
1585 2437 1591 2443 ⁶
1733 2436 1739 2443 ,

114 2474 222 2502 esurire
242 2439 400 2510 oggi-tay?
427 2439 481 2468 hoc
500 2440 536 2468 ad
563 2440 646 2469 Vax-r.
673 2449 695 2468 r.
714 2449 736 2467 r.
755 2440 783 2467 11
801 2441 825 2474 7,
846 2441 879 2466 10
905 2442 1029 2474 pertinet
1063 2441 1247 2474 praegnatem
1275 2438 1387 2473 (equam
1406 2438 1456 2471 sc.)
1474 2445 1565 2472 neque
1584 2437 1691 2471 inplere
1715 2436 1779 2464 cibo
1799 2443 1890 2471 neque

1687 2513 1720 2540 3‘
