2138 2748
1158 245 1198 281 36

440 351 775 386 MAXIMILIANUS
801 351 1006 390 WIENER,
1038 352 1097 384 Dr.
1120 351 1157 384 P.
1180 351 1215 383 P.
1240 350 1279 383 E.
1324 348 1499 382 Publice
1522 348 1548 381 Ι.
1591 348 1641 380 De
1668 357 1862 388 oryanorum
1886 345 2064 379 semalium

287 407 486 439 muliebrium
519 405 693 437 tumoribus
726 405 872 444 malignis
906 403 1051 435 disseret
1084 402 1187 434 semel
1221 412 1281 444 per
1308 401 1410 433 hebd.
1438 400 1470 433 h.
1502 399 1567 432 def.
1617 398 1814 431 Privatim
1837 398 1878 431 ΙΙ.
1929 397 2064 430 Ourswn

289 458 507 499 operationum
530 457 783 488 obstetriciarum
805 455 959 486 instituet
982 458 1101 497 quater
1124 464 1184 495 per
1206 452 1308 485 hebd.
1331 452 1365 484 h.
1390 450 1456 484 def.

440 514 685 547 ADOLPHUS
708 514 899 551 LESSER,
933 514 992 547 Dr.
1014 515 1051 546 P.
1074 515 1111 546 P.
1134 513 1173 546 Ε.
1217 511 1415 544 Privatim
1441 511 1467 543 Ι.
1511 511 1702 542 Medicinam
1727 510 1894 549 sorensem
1927 507 2064 540 docebit

289 567 320 599 d.
336 567 435 599 Mart.
453 571 487 597 et
498 566 583 598 Ven.
600 566 632 598 h.
646 565 721 598 XII.
745 565 785 596 II.
801 566 1056 597 Emercitationes
1069 565 1226 597 cadavera
1237 564 1379 604 leyaliter
1391 562 1522 594 secandi
1533 560 1764 592 moderabitur
1775 559 1878 592 semel
1890 570 1950 602 per
1960 558 2062 591 hebd.

441 620 589 657 IULIUS
620 624 784 661 BRUCK,
810 624 866 656 Dr.
898 624 1098 655 Privatim
1121 623 1145 656 Ι.
1180 623 1418 656 Odontiatricen
1441 621 1625 653 tradet-ter
1647 630 1708 662 per
1729 619 1832 652 hebd.
1855 619 1889 652 h.
1912 618 1980 652 def.
2023 618 2064 651 ΙΙ.

287 678 508 709 Policlinicum
523 687 561 708 eoe
573 676 717 709 dentibus
734 676 945 708 laborantium
960 674 1190 706 moderabitur
1203 673 1366 717 quotidie.
1389 672 1681 704 Privatissime
1696 671 1753 703 ΙΙΙ.
1780 670 1916 703 Oiwsum
1927 671 2067 703 dentium

289 739 386 760 aureo
409 729 641 769 implendorum
662 727 816 758 instituet
840 725 1003 768 quotidie.
1053 725 1111 757 lV.
1159 725 1294 757 &arsum
1317 725 1398 757 artis
1421 725 1586 756 dentariae
1606 723 1760 754 instituet
1782 721 1946 765 quotidie.

441 786 638 819 IACOBUS
663 786 940 827 GOTTSTEIN,
964 785 1021 818 Dr.
1069 785 1211 817 Gratis
1235 785 1257 816 1.
1283 786 1536 817 Exercitationes
1552 785 1767 825 diaynosticas
1791 787 1821 815 et
1836 783 2067 824 therapeutica-s

291 839 328 870 de
344 838 463 870 morbis
479 839 595 879 organi
610 839 738 870 auditus
750 837 978 868 moderabitur
994 837 1097 868 semel
1114 847 1173 879 per
1189 835 1290 868 hebd.
1307 835 1340 869 h.
1358 835 1424 868 def.
1446 835 1736 867 Privatissime
1752 834 1792 867 ΙΙ.
1815 834 2068 866 Exercitationes

287 890 527 930 rhinoscopicas
550 892 580 920 et
601 889 879 930 larynyoscopicas
901 888 1083 929 policlinico
1109 888 1291 920 morborum
1305 888 1388 925 nasi,
1409 887 1596 929 erynyis,
1620 887 1762 927 larynyis
1784 886 1932 917 adiuncto
1954 883 2068 916 mode-

290 940 419 971 rabitur
442 939 494 971 bis
518 950 578 981 per
601 939 702 972 hebd.
727 939 759 972 h.
784 939 850 972 def.

441 997 684 1030 ERNESTUS
701 998 956 1035 FRAENKEL,
982 997 1038 1031 Dr.
1075 998 1102 1030 G
1114 998 1221 1030 ratis
1237 997 1261 1030 I.
1298 999 1346 1031 De
1361 998 1479 1031 morbis
1494 997 1578 1030 uteri
1601 996 1745 1028 disseret
1767 995 1870 1028 semel
1893 1006 1954 1038 per
1968 995 2069 1028 hebd.

291 1051 324 1083 h.
342 1050 407 1083 def.
446 1050 642 1082 Privatim
664 1049 706 1082 ΙΙ.
740 1051 994 1082 Exercitationes
1015 1050 1273 1091 yynaecoloyicas
1292 1050 1559 1091 propaedeuticas
1581 1048 1811 1080 moderabitur
1835 1047 1866 1079 d.
1883 1047 1982 1080 Mart.
1996 1046 2068 1080 Iov.

291 1102 376 1134 Ven.
400 1101 433 1135 h.
455 1102 497 1134 ΙΙ.

443 1160 647 1193 IOANNES
669 1160 926 1198 KOLACZEK,
950 1161 1009 1193 Dr.
1049 1160 1189 1193 Gratis
1211 1161 1235 1194 Ι.
1275 1161 1527 1193 Exercitationes
1550 1161 1584 1192 in
1599 1160 1734 1192 vinculis
1750 1159 1936 1192 adhibendis
1953 1157 2067 1191 mode-

291 1213 420 1244 rabitur
449 1212 552 1243 semel
579 1223 639 1254 per
668 1212 769 1245 hebd.
799 1211 832 1244 h.
862 1211 927 1245 def.
983 1212 1179 1243 Privatim
1207 1212 1248 1244 ΙΙ.
1296 1213 1345 1244 De
1369 1212 1529 1252 fracturis
1558 1214 1587 1243 et
1609 1210 1824 1243 luxationibus
1853 1209 1998 1242 disseret
2019 1214 2070 1242 ter

293 1275 354 1306 per
375 1263 477 1296 hebd.
500 1263 533 1295 h.
558 1263 624 1296 def.

445 1314 731 1347 OTTOMARUS
748 1314 1036 1351 ROSENBACH,
1060 1314 1119 1347 Dr.
1151 1314 1300 1346 Gratis.
1328 1315 1582 1347 Eaeercitationes
1599 1313 1815 1354 diaynosticas
1830 1313 1874 1345 ad
1886 1313 2070 1345 universam

292 1367 480 1398 medicinam
503 1370 679 1407 spectantes
702 1365 932 1397 moderabitur
954 1365 1006 1397 bis
1030 1377 1090 1408 per
1111 1365 1211 1398 hebd.

445 1425 684 1458 ALFREDUS
701 1425 975 1462 BUCHWALD,
1000 1425 1059 1457 Dr.
1095 1425 1235 1457 Gratis
1251 1425 1276 1457 Ι.
1305 1426 1354 1457 De
1368 1425 1487 1457 morbis
1503 1435 1614 1457 renum
1630 1428 1659 1456 et
1681 1424 1719 1456 de
1733 1424 1905 1466 uroscopia
1928 1422 2072 1455 disseret

295 1478 398 1509 semel
412 1489 472 1519 per
484 1477 585 1509 hebd.
608 1476 674 1508 Pri
682 1488 704 1509 v
712 1477 804 1508 atim
821 1477 862 1509 II.
888 1477 1000 1518 Capita
1012 1477 1126 1508 selecta
1137 1477 1289 1509 materiae
1300 1477 1440 1509 medicae
1452 1480 1480 1508 et
1495 1476 1658 1517 thet-apiae
1674 1479 1822 1517 exponet
1833 1474 1884 1507 bis
1896 1485 1958 1517 per
1969 1473 2071 1507 hebd.

448 1536 674 1570 IOSEPHUS
710 1536 879 1573 IACOBI,
915 1537 972 1569 Dr.
1035 1535 1176 1568 Gratis
1215 1536 1238 1569 1.
1293 1537 1343 1568 De
1376 1537 1511 1568 historia
1544 1539 1573 1568 et
1600 1536 1795 1577 propbylaaei
1823 1536 1962 1576 pestium
1996 1538 2074 1578 aget

296 1589 397 1620 semel
420 1599 480 1631 per
502 1588 604 1620 hebd.
649 1588 846 1619 Privatim
869 1587 910 1619 ΙΙ.
956 1589 1005 1619 De
1026 1588 1184 1619 medicina
1198 1588 1329 1627 sorensi
1352 1586 1496 1619 disseret
1523 1587 1576 1618 bis
1604 1597 1665 1629 per
1692 1585 1792 1620 hebd.

447 1647 785 1680 MAXIMILIANUS
823 1646 1101 1679 BERNARDUS
1138 1646 1342 1687 FREUND,
1387 1646 1446 1679 Dr.
1510 1645 1651 1678 Gratis
1687 1646 1710 1678 1.
1761 1646 1810 1677 De
1848 1645 1967 1678 morbis
2001 1655 2073 1677 con-

294 1701 408 1741 9enitis
433 1699 576 1731 disseret
593 1699 697 1731 semel
712 1710 773 1741 per
789 1699 890 1731 hebd.
907 1698 939 1732 h.
956 1698 1021 1731 def.
1050 1698 1248 1730 Privatim
1271 1698 1313 1731 ΙΙ.
1343 1698 1390 1729 De
1405 1697 1524 1730 morbis
1538 1698 1630 1729 modo
1646 1700 1794 1729 natorum
1811 1695 1955 1728 disseret
1970 1695 2073 1728 semel

296 1762 356 1793 per
379 1750 479 1783 hebd.
503 1750 536 1782 h.
561 1749 626 1782 def.
1876 1746 1880 1750 “

449 1809 704 1842 TRAUGOTT
727 1809 929 1847 KRONER,
962 1809 1020 1842 Dr.
1066 1809 1205 1840 Gratis
1235 1809 1258 1840 Ι.
1296 1809 1550 1841 Eoeercitationes
1571 1809 1831 1849 yynaecoloyicas
1859 1809 2074 1848 diaynosticas

298 1861 526 1893 moderabitur
549 1861 581 1894 d.
598 1861 667 1892 Sat.
691 1861 724 1893 h.
740 1862 781 1893 II.
809 1861 1005 1892 Privatim
1028 1861 1069 1892 II.
1102 1861 1268 1892 Theoriam
1291 1860 1371 1892 artis
1394 1859 1592 1891 obstetriciae
1615 1858 1799 1901 explicabit
1822 1858 1854 1891 d.
1869 1858 1954 1891 Luu.
1971 1858 2074 1892 Mero.

300 1913 384 1945 Ven.
409 1913 442 1945 h.
466 1912 508 1945 V.

450 1963 728 1996 FRANCISCUS
758 1963 1037 2000 ROEHMANN,
1073 1962 1131 1996 Dr.
1182 1962 1324 1994 Gratis
1352 1962 1377 1994 Ι.
1423 1963 1471 1994 De
1504 1958 1670 2002 sanquine*
1692 1965 1721 1993 et
1753 1961 1966 2002 respiratione
1999 1964 2077 2004 aget
2135 1958 2138 1978 ¹

300 2015 332 2048 d.
354 2015 438 2047 Lun.
461 2015 495 2046 h.
518 2014 575 2046 IV.
620 2014 814 2046 Privatim
838 2014 878 2046 11.
923 2015 1177 2046 Emer-citationes
1200 2015 1338 2046 cbemiae
1355 2014 1519 2055 practicas
1547 2013 1580 2044 in
1604 2023 1701 2044 usum
1725 2023 1850 2054 eorum,
1880 2012 1938 2054 qui
1961 2010 2076 2043 studio

299 2066 484 2097 medicinae
508 2076 644 2108 operam
669 2065 749 2097 dare
771 2065 945 2107 incipiunt,
971 2064 1200 2097 moderabitur
1222 2065 1274 2096 bis
1299 2075 1359 2107 per
1380 2063 1482 2096 hebd.
1507 2064 1538 2096 h.
1561 2063 1722 2096 HL—VI.
2133 2051 2138 2083 ²

452 2124 700 2157 ARNOLDUS
729 2124 911 2164 HILLER,
947 2124 1004 2157 Dr.
1056 2124 1205 2157 Gratis.
1250 2125 1408 2165 Hyyienes
1441 2124 1591 2156 militaris
1619 2127 1742 2164 partem
1773 2123 1911 2164 primam
1941 2122 2079 2155 docebit

300 2178 352 2209 bis
375 2187 436 2219 per
458 2176 559 2208 hebd.
585 2177 618 2209 h.
641 2176 706 2209 def.

455 2235 661 2268 CAROLUS
675 2234 894 2272 PARTSCH,
914 2235 971 2268 Dr.
996 2235 1137 2267 Gratis
1154 2235 1177 2266 Ι.
1195 2235 1380 2276 Aciuryiam
1395 2234 1554 2266 tractabit
1566 2234 1617 2266 bis
1634 2244 1695 2276 per
1706 2233 1807 2266 hebd.
1831 2233 2025 2266 Privatim
2037 2234 2077 2265 Π.
2132 2253 2138 2259 ,

301 2289 350 2319 De
373 2298 450 2320 cura
468 2292 544 2329 post
566 2288 766 2328 operationes
788 2287 982 2319 instituenda
1006 2286 1150 2318 disseret
1165 2286 1217 2317 bis
1239 2297 1301 2328 per
1316 2285 1418 2318 hebd.
1448 2285 1728 2318 Privatissime
1743 2286 1799 2317 111.
1827 2285 2079 2318 Ambulatoriwn
2130 2261 2138 2337 1

302 2339 514 2379 chiruryicum
537 2338 668 2380 diriget.
2130 2359 2132 2370 Ἰ,

462 2397 668 2430 CAROLUS
693 2397 997 2439 SCHOENLEIN,
1022 2397 1080 2430 Dr.
1115 2397 1254 2429 Gratis
1271 2397 1295 2428 1.
1329 2398 1378 2429 De
1390 2397 1593 2438 physiologia
1615 2398 1755 2436 auditus,
1779 2397 1865 2428 vocis
1888 2399 1917 2427 et
1938 2396 2079 2438 loquelae

304 2449 448 2480 disseret
471 2449 502 2480 d.
528 2450 597 2481 Sat.
620 2449 652 2482 h.
677 2449 719 2481 X.
765 2449 961 2480 Privatim
987 2449 1025 2479 11.
1069 2450 1323 2481 Emercitationes
1341 2449 1504 2489 practicas
1534 2449 1576 2480 ad
1600 2448 1832 2489 physioloyiam
1859 2456 2028 2479 nervorum
2050 2449 2080 2478 et

302 2501 512 2532 musculorum
530 2501 725 2541 pertinentes
747 2499 977 2531 moderabitur
999 2499 1051 2530 bis
1074 2510 1135 2541 per
1157 2499 1257 2530 hebd.
1281 2499 1314 2532 h.
1339 2499 1405 2530 def.
