<?xml version="1.0" encoding="UTF-8"?>
<!DOCTYPE html PUBLIC "-//W3C//DTD XHTML 1.0 Transitional//EN"
    "http://www.w3.org/TR/xhtml1/DTD/xhtml1-transitional.dtd">
<html xmlns="http://www.w3.org/1999/xhtml" xml:lang="en" lang="en">
 <head>
  <title>
</title>
<meta http-equiv="Content-Type" content="text/html;charset=utf-8" />
  <meta name='ocr-system' content='tesseract 3.04.00' />
  <meta name='ocr-capabilities' content='ocr_page ocr_carea ocr_par ocr_line ocrx_word'/>
</head>
<body>
  <div class='ocr_page' id='page_1' title='image "./ueberdieentstehu00benfuoft_0358.png"; bbox 0 0 2138 2748; ppageno 0'>
   <div class='ocr_carea' id='block_1_1' title="bbox 1120 266 1197 313">
    <p class='ocr_par' dir='ltr' id='par_1_1' title="bbox 1120 266 1197 313">
     <span class='ocr_line' id='line_1_1' title="bbox 1120 266 1197 313; baseline -0.013 -15"><span class='ocrx_word' id='word_1_1' title='bbox 1120 312 1133 313; x_wconf 29' lang='lat' dir='ltr'><em>W</em></span> <span class='ocrx_word' id='word_1_2' title='bbox 1155 266 1197 298; x_wconf 78' lang='lat'><strong><em>48</em></strong></span> 
     </span>
    </p>
   </div>
   <div class='ocr_carea' id='block_1_2' title="bbox 1135 311 1252 314">
    <p class='ocr_par' dir='ltr' id='par_1_2' title="bbox 1135 311 1252 314">
     <span class='ocr_line' id='line_1_2' title="bbox 1135 311 1252 314; baseline 0 0"><span class='ocrx_word' id='word_1_3' title='bbox 1135 311 1252 314; x_wconf 95' lang='lat' dir='ltr'><strong><em> </em></strong></span> 
     </span>
    </p>
   </div>
   <div class='ocr_carea' id='block_1_3' title="bbox 438 359 2071 400">
    <p class='ocr_par' dir='ltr' id='par_1_3' title="bbox 438 359 2071 400">
     <span class='ocr_line' id='line_1_3' title="bbox 438 359 2071 400; baseline 0 -9"><span class='ocrx_word' id='word_1_4' title='bbox 438 359 587 391; x_wconf 88' lang='lat' dir='ltr'>IULIUS</span> <span class='ocrx_word' id='word_1_5' title='bbox 619 359 784 396; x_wconf 80' lang='lat' dir='ltr'>BRUCK,</span> <span class='ocrx_word' id='word_1_6' title='bbox 811 359 867 391; x_wconf 92' lang='lat' dir='ltr'><strong><em>Dr.</em></strong></span> <span class='ocrx_word' id='word_1_7' title='bbox 900 359 1103 391; x_wconf 83' lang='lat' dir='ltr'><strong>Privatim</strong></span> <span class='ocrx_word' id='word_1_8' title='bbox 1134 360 1158 391; x_wconf 89' lang='lat'><strong><em>1.</em></strong></span> <span class='ocrx_word' id='word_1_9' title='bbox 1195 359 1415 399; x_wconf 78' lang='lat' dir='ltr'><strong><em>Patboloyiam</em></strong></span> <span class='ocrx_word' id='word_1_10' title='bbox 1443 362 1472 392; x_wconf 91' lang='lat' dir='ltr'><strong><em>et</em></strong></span> <span class='ocrx_word' id='word_1_11' title='bbox 1499 359 1677 400; x_wconf 75' lang='lat' dir='ltr'><strong><em>therapium</em></strong></span> <span class='ocrx_word' id='word_1_12' title='bbox 1699 360 1869 400; x_wconf 75' lang='lat' dir='ltr'><strong><em>specialem</em></strong></span> <span class='ocrx_word' id='word_1_13' title='bbox 1890 359 2071 391; x_wconf 78' lang='lat' dir='ltr'><strong><em>morborum</em></strong></span> 
     </span>
    </p>
   </div>
   <div class='ocr_carea' id='block_1_4' title="bbox 284 401 2138 453">
    <p class='ocr_par' dir='ltr' id='par_1_4' title="bbox 284 401 2138 453">
     <span class='ocr_line' id='line_1_4' title="bbox 284 401 2138 453; baseline -0.002 -8"><span class='ocrx_word' id='word_1_14' title='bbox 284 414 425 446; x_wconf 74' lang='lat' dir='ltr'><strong><em>dentium</em></strong></span> <span class='ocrx_word' id='word_1_15' title='bbox 451 416 600 453; x_wconf 82' lang='lat' dir='ltr'>exponet</span> <span class='ocrx_word' id='word_1_16' title='bbox 622 411 675 442; x_wconf 91' lang='lat' dir='ltr'><strong><em>bis</em></strong></span> <span class='ocrx_word' id='word_1_17' title='bbox 699 421 760 453; x_wconf 90' lang='lat' dir='ltr'><strong><em>per</em></strong></span> <span class='ocrx_word' id='word_1_18' title='bbox 783 410 886 443; x_wconf 86' lang='lat' dir='ltr'><strong><em>hebd.</em></strong></span> <span class='ocrx_word' id='word_1_19' title='bbox 909 410 943 443; x_wconf 94' lang='lat' dir='ltr'><strong><em>h.</em></strong></span> <span class='ocrx_word' id='word_1_20' title='bbox 967 410 1042 444; x_wconf 89' lang='lat' dir='ltr'>XII.</span> <span class='ocrx_word' id='word_1_21' title='bbox 1087 410 1381 442; x_wconf 84' lang='lat' dir='ltr'><strong><em>Privatissime</em></strong></span> <span class='ocrx_word' id='word_1_22' title='bbox 1405 409 1445 441; x_wconf 92' lang='lat' dir='ltr'><strong><em>II.</em></strong></span> <span class='ocrx_word' id='word_1_23' title='bbox 1483 410 1704 443; x_wconf 72' lang='lat' dir='ltr'><strong><em>Policlinicwm</em></strong></span> <span class='ocrx_word' id='word_1_24' title='bbox 1731 411 1977 443; x_wconf 78' lang='lat' dir='ltr'><strong><em>odontiatricum</em></strong></span> <span class='ocrx_word' id='word_1_25' title='bbox 1998 420 2070 442; x_wconf 89' lang='lat' dir='ltr'><strong><em>mo·</em></strong></span> <span class='ocrx_word' id='word_1_26' title='bbox 2133 401 2138 405; x_wconf 43' lang='lat'>⁵</span> 
     </span>
    </p>
   </div>
   <div class='ocr_carea' id='block_1_5' title="bbox 282 461 2073 757">
    <p class='ocr_par' dir='ltr' id='par_1_5' title="bbox 283 461 779 504">
     <span class='ocr_line' id='line_1_5' title="bbox 283 461 779 504; baseline -0.004 -8"><span class='ocrx_word' id='word_1_27' title='bbox 283 464 456 496; x_wconf 83' lang='lat' dir='ltr'><strong><em>derabitur</em></strong></span> <span class='ocrx_word' id='word_1_28' title='bbox 479 462 632 504; x_wconf 82' lang='lat' dir='ltr'>quotidie</span> <span class='ocrx_word' id='word_1_29' title='bbox 655 462 688 495; x_wconf 90' lang='lat' dir='ltr'><strong><em>h.</em></strong></span> <span class='ocrx_word' id='word_1_30' title='bbox 713 461 779 494; x_wconf 88' lang='lat' dir='ltr'><strong><em>def.</em></strong></span> 
     </span>
    </p>

    <p class='ocr_par' dir='ltr' id='par_1_6' title="bbox 282 512 2072 709">
     <span class='ocr_line' id='line_1_6' title="bbox 437 512 2071 554; baseline 0 -9"><span class='ocrx_word' id='word_1_31' title='bbox 437 512 635 545; x_wconf 89' lang='lat' dir='ltr'>IACOBUS</span> <span class='ocrx_word' id='word_1_32' title='bbox 659 512 940 554; x_wconf 83' lang='lat' dir='ltr'>GOTTSTEIN,</span> <span class='ocrx_word' id='word_1_33' title='bbox 963 512 1021 546; x_wconf 89' lang='lat' dir='ltr'><strong><em>Dr.</em></strong></span> <span class='ocrx_word' id='word_1_34' title='bbox 1069 513 1211 544; x_wconf 86' lang='lat' dir='ltr'><strong><em>Gratis</em></strong></span> <span class='ocrx_word' id='word_1_35' title='bbox 1236 512 1259 543; x_wconf 94' lang='grc' dir='ltr'><strong><em>Ι.</em></strong></span> <span class='ocrx_word' id='word_1_36' title='bbox 1284 513 1539 544; x_wconf 74' lang='lat' dir='ltr'><strong><em>Emer-citationes</em></strong></span> <span class='ocrx_word' id='word_1_37' title='bbox 1554 513 1771 553; x_wconf 77' lang='lat' dir='ltr'><strong><em>diaymsticas</em></strong></span> <span class='ocrx_word' id='word_1_38' title='bbox 1794 517 1824 544; x_wconf 84' lang='lat' dir='ltr'><strong><em>et</em></strong></span> <span class='ocrx_word' id='word_1_39' title='bbox 1838 513 2071 554; x_wconf 66' lang='lat' dir='ltr'><strong><em>therapeutica:</em></strong></span> 
     </span>
     <span class='ocr_line' id='line_1_7' title="bbox 283 562 2072 606; baseline -0.001 -8"><span class='ocrx_word' id='word_1_40' title='bbox 283 568 322 599; x_wconf 83' lang='lat' dir='ltr'><strong><em>de</em></strong></span> <span class='ocrx_word' id='word_1_41' title='bbox 345 565 464 598; x_wconf 84' lang='lat' dir='ltr'><strong><em>morbis</em></strong></span> <span class='ocrx_word' id='word_1_42' title='bbox 487 566 603 606; x_wconf 78' lang='lat' dir='ltr'><strong><em>oryani</em></strong></span> <span class='ocrx_word' id='word_1_43' title='bbox 626 566 755 597; x_wconf 70' lang='lat' dir='ltr'><strong><em>auditas</em></strong></span> <span class='ocrx_word' id='word_1_44' title='bbox 767 564 908 596; x_wconf 87' lang='lat' dir='ltr'><strong><em>habebit</em></strong></span> <span class='ocrx_word' id='word_1_45' title='bbox 930 564 1034 596; x_wconf 87' lang='lat' dir='ltr'><strong><em>semel</em></strong></span> <span class='ocrx_word' id='word_1_46' title='bbox 1057 575 1118 606; x_wconf 84' lang='lat' dir='ltr'><strong><em>per</em></strong></span> <span class='ocrx_word' id='word_1_47' title='bbox 1133 563 1236 596; x_wconf 87' lang='lat' dir='ltr'><strong>hebd.</strong></span> <span class='ocrx_word' id='word_1_48' title='bbox 1259 563 1293 596; x_wconf 92' lang='lat' dir='ltr'><strong><em>h.</em></strong></span> <span class='ocrx_word' id='word_1_49' title='bbox 1318 562 1384 596; x_wconf 87' lang='lat' dir='ltr'><strong><em>def.</em></strong></span> <span class='ocrx_word' id='word_1_50' title='bbox 1428 563 1720 595; x_wconf 84' lang='lat' dir='ltr'><strong><em>Privatissime</em></strong></span> <span class='ocrx_word' id='word_1_51' title='bbox 1742 564 1784 596; x_wconf 88' lang='grc' dir='ltr'><strong><em>ΙΙ.</em></strong></span> <span class='ocrx_word' id='word_1_52' title='bbox 1818 564 2072 597; x_wconf 66' lang='lat' dir='ltr'><strong><em>Exercitationes</em></strong></span> 
     </span>
     <span class='ocr_line' id='line_1_8' title="bbox 282 614 2071 658; baseline -0.002 -9"><span class='ocrx_word' id='word_1_53' title='bbox 282 617 524 658; x_wconf 78' lang='lat' dir='ltr'><strong><em>rhinoscopioas</em></strong></span> <span class='ocrx_word' id='word_1_54' title='bbox 548 619 578 647; x_wconf 87' lang='lat' dir='ltr'><strong><em>et</em></strong></span> <span class='ocrx_word' id='word_1_55' title='bbox 600 616 880 657; x_wconf 78' lang='lat' dir='ltr'><strong><em>larynyoseopicas</em></strong></span> <span class='ocrx_word' id='word_1_56' title='bbox 901 616 1083 657; x_wconf 79' lang='lat' dir='ltr'><strong><em>policlinice</em></strong></span> <span class='ocrx_word' id='word_1_57' title='bbox 1108 616 1290 647; x_wconf 74' lang='lat' dir='ltr'><strong><em>morborum</em></strong></span> <span class='ocrx_word' id='word_1_58' title='bbox 1305 616 1388 651; x_wconf 79' lang='lat' dir='ltr'><strong><em>nasi,</em></strong></span> <span class='ocrx_word' id='word_1_59' title='bbox 1409 615 1597 656; x_wconf 72' lang='lat' dir='ltr'><strong><em>pharynyis,</em></strong></span> <span class='ocrx_word' id='word_1_60' title='bbox 1621 615 1764 656; x_wconf 73' lang='lat' dir='ltr'><strong><em>larynyis</em></strong></span> <span class='ocrx_word' id='word_1_61' title='bbox 1786 616 1937 648; x_wconf 74' lang='lat' dir='ltr'><strong><em>adiuncta</em></strong></span> <span class='ocrx_word' id='word_1_62' title='bbox 1959 614 2071 647; x_wconf 81' lang='lat' dir='ltr'><strong><em>modo-</em></strong></span> 
     </span>
     <span class='ocr_line' id='line_1_9' title="bbox 284 666 847 709; baseline -0.004 -8"><span class='ocrx_word' id='word_1_63' title='bbox 284 668 414 701; x_wconf 83' lang='lat' dir='ltr'><strong><em>rabitur</em></strong></span> <span class='ocrx_word' id='word_1_64' title='bbox 438 667 491 698; x_wconf 90' lang='lat' dir='ltr'><strong><em>bis</em></strong></span> <span class='ocrx_word' id='word_1_65' title='bbox 515 677 576 709; x_wconf 90' lang='lat' dir='ltr'><strong><em>per</em></strong></span> <span class='ocrx_word' id='word_1_66' title='bbox 599 666 699 699; x_wconf 84' lang='lat' dir='ltr'><strong><em>hebd.</em></strong></span> <span class='ocrx_word' id='word_1_67' title='bbox 723 666 756 698; x_wconf 90' lang='lat' dir='ltr'><strong><em>h.</em></strong></span> <span class='ocrx_word' id='word_1_68' title='bbox 781 666 847 699; x_wconf 88' lang='lat' dir='ltr'><strong><em>def.</em></strong></span> 
     </span>
    </p>

    <p class='ocr_par' dir='ltr' id='par_1_7' title="bbox 438 717 2073 757">
     <span class='ocr_line' id='line_1_10' title="bbox 438 717 2073 757; baseline -0.001 -8"><span class='ocrx_word' id='word_1_69' title='bbox 438 717 682 750; x_wconf 77' lang='lat' dir='ltr'><strong>ERNESTUS</strong></span> <span class='ocrx_word' id='word_1_70' title='bbox 706 717 970 754; x_wconf 82' lang='lat' dir='ltr'>FRAENKEL‚</span> <span class='ocrx_word' id='word_1_71' title='bbox 994 717 1054 750; x_wconf 89' lang='lat' dir='ltr'><strong><em>Dr.</em></strong></span> <span class='ocrx_word' id='word_1_72' title='bbox 1101 717 1248 750; x_wconf 86' lang='lat' dir='ltr'><strong><em>Gratis</em></strong></span> <span class='ocrx_word' id='word_1_73' title='bbox 1278 717 1302 749; x_wconf 91' lang='grc' dir='ltr'><strong><em>Ι.</em></strong></span> <span class='ocrx_word' id='word_1_74' title='bbox 1339 717 1568 757; x_wconf 75' lang='lat' dir='ltr'><strong><em>Repetitorium</em></strong></span> <span class='ocrx_word' id='word_1_75' title='bbox 1590 718 1672 749; x_wconf 89' lang='lat' dir='ltr'><strong><em>artis</em></strong></span> <span class='ocrx_word' id='word_1_76' title='bbox 1694 717 1895 750; x_wconf 83' lang='lat' dir='ltr'><strong><em>obstetrieiae</em></strong></span> <span class='ocrx_word' id='word_1_77' title='bbox 1918 717 2073 750; x_wconf 72' lang='lat' dir='ltr'><strong><em>instituet</em></strong></span> 
     </span>
    </p>
   </div>
   <div class='ocr_carea' id='block_1_6' title="bbox 284 767 2073 855">
    <p class='ocr_par' dir='ltr' id='par_1_8' title="bbox 284 767 2073 853">
     <span class='ocr_line' id='line_1_11' title="bbox 285 767 2073 844; baseline -0.002 -42"><span class='ocrx_word' id='word_1_78' title='bbox 285 769 389 802; x_wconf 88' lang='lat' dir='ltr'><strong><em>semel</em></strong></span> <span class='ocrx_word' id='word_1_79' title='bbox 413 780 474 811; x_wconf 91' lang='lat' dir='ltr'><strong><em>per</em></strong></span> <span class='ocrx_word' id='word_1_80' title='bbox 496 768 597 800; x_wconf 85' lang='lat' dir='ltr'><strong><em>hebd.</em></strong></span> <span class='ocrx_word' id='word_1_81' title='bbox 621 768 653 800; x_wconf 94' lang='lat' dir='ltr'><strong><em>h.</em></strong></span> <span class='ocrx_word' id='word_1_82' title='bbox 679 768 745 801; x_wconf 91' lang='lat' dir='ltr'><strong><em>def.</em></strong></span> <span class='ocrx_word' id='word_1_83' title='bbox 791 768 988 800; x_wconf 82' lang='lat' dir='ltr'><strong><em>Privatim</em></strong></span> <span class='ocrx_word' id='word_1_84' title='bbox 1011 768 1053 801; x_wconf 83' lang='lat'><strong><em>11.</em></strong></span> <span class='ocrx_word' id='word_1_85' title='bbox 1085 769 1341 800; x_wconf 72' lang='lat' dir='ltr'><strong><em>Exercitationes</em></strong></span> <span class='ocrx_word' id='word_1_86' title='bbox 1363 768 1623 844; x_wconf 74' lang='lat' dir='ltr'><strong><em>yynaeeoloyicas</em></strong></span> <span class='ocrx_word' id='word_1_87' title='bbox 1642 769 1910 810; x_wconf 76' lang='lat' dir='ltr'><strong><em>propaedeaticas</em></strong></span> <span class='ocrx_word' id='word_1_88' title='bbox 1932 767 2073 800; x_wconf 68' lang='lat' dir='ltr'><strong><em>habebit</em></strong></span> 
     </span>
     <span class='ocr_line' id='line_1_12' title="bbox 284 819 769 855; baseline -0.006 -2"><span class='ocrx_word' id='word_1_89' title='bbox 284 822 317 855; x_wconf 89' lang='lat' dir='ltr'><strong><em>d.</em></strong></span> <span class='ocrx_word' id='word_1_90' title='bbox 342 821 441 853; x_wconf 83' lang='lat' dir='ltr'><strong><em>Mart.</em></strong></span> <span class='ocrx_word' id='word_1_91' title='bbox 466 820 537 851; x_wconf 92' lang='lat' dir='ltr'><strong><em>Iov.</em></strong></span> <span class='ocrx_word' id='word_1_92' title='bbox 560 819 647 851; x_wconf 90' lang='lat' dir='ltr'><strong><em>Ven.</em></strong></span> <span class='ocrx_word' id='word_1_93' title='bbox 671 819 704 852; x_wconf 95' lang='grc'><strong><em>11.</em></strong></span> <span class='ocrx_word' id='word_1_94' title='bbox 727 819 769 851; x_wconf 92' lang='lat'><strong><em>11.</em></strong></span> 
     </span>
    </p>
   </div>
   <div class='ocr_carea' id='block_1_7' title="bbox 284 839 2076 1579">
    <p class='ocr_par' dir='ltr' id='par_1_9' title="bbox 284 839 2074 1016">
     <span class='ocr_line' id='line_1_13' title="bbox 439 839 2074 914; baseline -0.001 -11"><span class='ocrx_word' id='word_1_95' title='bbox 439 870 685 903; x_wconf 83' lang='lat' dir='ltr'>GUSTAVUS</span> <span class='ocrx_word' id='word_1_96' title='bbox 710 869 893 905; x_wconf 84' lang='lat' dir='ltr'><strong><em>IOSEPH,</em></strong></span> <span class='ocrx_word' id='word_1_97' title='bbox 928 870 988 903; x_wconf 90' lang='lat' dir='ltr'><strong><em>Dr.</em></strong></span> <span class='ocrx_word' id='word_1_98' title='bbox 1047 869 1241 901; x_wconf 79' lang='lat' dir='ltr'><strong><em>Privatim</em></strong></span> <span class='ocrx_word' id='word_1_99' title='bbox 1264 870 1289 903; x_wconf 92' lang='grc' dir='ltr'><strong><em>Ι.</em></strong></span> <span class='ocrx_word' id='word_1_100' title='bbox 1328 839 1511 910; x_wconf 78' lang='lat' dir='ltr'><strong><em>Zooloyiam</em></strong></span> <span class='ocrx_word' id='word_1_101' title='bbox 1533 871 1750 903; x_wconf 78' lang='lat' dir='ltr'><strong><em>medicinalem</em></strong></span> <span class='ocrx_word' id='word_1_102' title='bbox 1779 870 1917 903; x_wconf 84' lang='lat' dir='ltr'><strong><em>docebit</em></strong></span> <span class='ocrx_word' id='word_1_103' title='bbox 1938 874 1990 903; x_wconf 83' lang='lat' dir='ltr'><strong><em>ter</em></strong></span> <span class='ocrx_word' id='word_1_104' title='bbox 2012 881 2074 914; x_wconf 85' lang='lat' dir='ltr'><strong><em>per</em></strong></span> 
     </span>
     <span class='ocr_line' id='line_1_14' title="bbox 285 921 2074 964; baseline -0.001 -9"><span class='ocrx_word' id='word_1_105' title='bbox 285 923 386 955; x_wconf 85' lang='lat' dir='ltr'><strong><em>hebd.</em></strong></span> <span class='ocrx_word' id='word_1_106' title='bbox 404 923 436 954; x_wconf 86' lang='lat' dir='ltr'><strong><em>h.</em></strong></span> <span class='ocrx_word' id='word_1_107' title='bbox 456 922 522 954; x_wconf 89' lang='lat' dir='ltr'><strong><em>def.</em></strong></span> <span class='ocrx_word' id='word_1_108' title='bbox 567 922 607 953; x_wconf 92' lang='grc' dir='ltr'><strong><em>ΙΙ.</em></strong></span> <span class='ocrx_word' id='word_1_109' title='bbox 649 921 771 963; x_wconf 80' lang='lat' dir='ltr'><strong><em>Capitis</em></strong></span> <span class='ocrx_word' id='word_1_110' title='bbox 795 922 926 954; x_wconf 77' lang='lat' dir='ltr'><strong><em>humani</em></strong></span> <span class='ocrx_word' id='word_1_111' title='bbox 940 922 1154 963; x_wconf 72' lang='lat' dir='ltr'><strong><em>osteoloyiam‚</em></strong></span> <span class='ocrx_word' id='word_1_112' title='bbox 1177 925 1347 954; x_wconf 79' lang='lat' dir='ltr'><strong><em>anatomen</em></strong></span> <span class='ocrx_word' id='word_1_113' title='bbox 1361 922 1478 963; x_wconf 83' lang='lat' dir='ltr'><strong><em>capitis</em></strong></span> <span class='ocrx_word' id='word_1_114' title='bbox 1499 923 1713 954; x_wconf 77' lang='lat' dir='ltr'><strong><em>universalem</em></strong></span> <span class='ocrx_word' id='word_1_115' title='bbox 1735 926 1939 964; x_wconf 63' lang='lat' dir='ltr'><strong><em>respectans</em></strong></span> <span class='ocrx_word' id='word_1_116' title='bbox 1961 921 2074 954; x_wconf 64' lang='lat' dir='ltr'><strong><em>tradet</em></strong></span> 
     </span>
     <span class='ocr_line' id='line_1_15' title="bbox 284 972 695 1016; baseline -0.01 -9"><span class='ocrx_word' id='word_1_117' title='bbox 284 975 337 1007; x_wconf 91' lang='lat' dir='ltr'><strong><em>bis</em></strong></span> <span class='ocrx_word' id='word_1_118' title='bbox 361 985 422 1016; x_wconf 91' lang='lat' dir='ltr'><strong><em>per</em></strong></span> <span class='ocrx_word' id='word_1_119' title='bbox 443 973 546 1005; x_wconf 93' lang='lat' dir='ltr'><strong><em>hebd.</em></strong></span> <span class='ocrx_word' id='word_1_120' title='bbox 570 973 604 1005; x_wconf 91' lang='grc'><strong><em>11.</em></strong></span> <span class='ocrx_word' id='word_1_121' title='bbox 630 972 695 1004; x_wconf 86' lang='lat' dir='ltr'><strong><em>def.</em></strong></span> 
     </span>
    </p>

    <p class='ocr_par' dir='ltr' id='par_1_10' title="bbox 284 1020 2074 1168">
     <span class='ocr_line' id='line_1_16' title="bbox 438 1020 2071 1060; baseline 0 -4"><span class='ocrx_word' id='word_1_122' title='bbox 438 1024 643 1056; x_wconf 88' lang='lat' dir='ltr'>lOANNES</span> <span class='ocrx_word' id='word_1_123' title='bbox 666 1023 926 1060; x_wconf 84' lang='lat' dir='ltr'>KOLACZEK,</span> <span class='ocrx_word' id='word_1_124' title='bbox 950 1023 1009 1056; x_wconf 90' lang='lat' dir='ltr'><strong><em>Dr.</em></strong></span> <span class='ocrx_word' id='word_1_125' title='bbox 1049 1023 1192 1055; x_wconf 80' lang='lat' dir='ltr'><strong><em>Gratis</em></strong></span> <span class='ocrx_word' id='word_1_126' title='bbox 1214 1024 1238 1056; x_wconf 88' lang='grc' dir='ltr'><strong><em>Ι.</em></strong></span> <span class='ocrx_word' id='word_1_127' title='bbox 1277 1025 1326 1056; x_wconf 90' lang='lat' dir='ltr'><strong><em>De</em></strong></span> <span class='ocrx_word' id='word_1_128' title='bbox 1345 1024 1522 1056; x_wconf 76' lang='lat' dir='ltr'><strong><em>tumoribus</em></strong></span> <span class='ocrx_word' id='word_1_129' title='bbox 1538 1023 1706 1056; x_wconf 70' lang='lat' dir='ltr'><strong><em>adiunctis</em></strong></span> <span class='ocrx_word' id='word_1_130' title='bbox 1724 1020 2071 1057; x_wconf 57' lang='lat' dir='ltr'><strong><em>demonstrationibus</em></strong></span> 
     </span>
     <span class='ocr_line' id='line_1_17' title="bbox 284 1074 2074 1118; baseline 0 -10"><span class='ocrx_word' id='word_1_131' title='bbox 284 1075 543 1118; x_wconf 86' lang='lat' dir='ltr'><strong><em>microscopicis</em></strong></span> <span class='ocrx_word' id='word_1_132' title='bbox 572 1075 717 1107; x_wconf 82' lang='lat' dir='ltr'><strong><em>disseret</em></strong></span> <span class='ocrx_word' id='word_1_133' title='bbox 746 1075 850 1106; x_wconf 89' lang='lat' dir='ltr'><strong><em>semel</em></strong></span> <span class='ocrx_word' id='word_1_134' title='bbox 877 1085 938 1117; x_wconf 89' lang='lat' dir='ltr'><strong><em>per</em></strong></span> <span class='ocrx_word' id='word_1_135' title='bbox 967 1074 1069 1107; x_wconf 86' lang='lat' dir='ltr'><strong><em>hebd.</em></strong></span> <span class='ocrx_word' id='word_1_136' title='bbox 1093 1074 1126 1107; x_wconf 90' lang='lat' dir='ltr'><strong><em>h.</em></strong></span> <span class='ocrx_word' id='word_1_137' title='bbox 1151 1074 1217 1108; x_wconf 89' lang='lat' dir='ltr'><strong><em>def.</em></strong></span> <span class='ocrx_word' id='word_1_138' title='bbox 1273 1074 1471 1106; x_wconf 84' lang='lat' dir='ltr'><strong>Privatim</strong></span> <span class='ocrx_word' id='word_1_139' title='bbox 1499 1075 1540 1107; x_wconf 82' lang='grc' dir='ltr'><strong><em>ΙΙ.</em></strong></span> <span class='ocrx_word' id='word_1_140' title='bbox 1588 1076 1638 1107; x_wconf 90' lang='lat' dir='ltr'><strong><em>De</em></strong></span> <span class='ocrx_word' id='word_1_141' title='bbox 1663 1076 1902 1117; x_wconf 66' lang='lat' dir='ltr'><strong><em>operationibus</em></strong></span> <span class='ocrx_word' id='word_1_142' title='bbox 1924 1076 2074 1118; x_wconf 67' lang='lat' dir='ltr'><strong><em>plastieis</em></strong></span> 
     </span>
     <span class='ocr_line' id='line_1_18' title="bbox 285 1125 860 1168; baseline -0.003 -9"><span class='ocrx_word' id='word_1_143' title='bbox 285 1128 430 1160; x_wconf 81' lang='lat' dir='ltr'><strong><em>disseret</em></strong></span> <span class='ocrx_word' id='word_1_144' title='bbox 453 1131 504 1159; x_wconf 87' lang='lat' dir='ltr'><strong><em>ter</em></strong></span> <span class='ocrx_word' id='word_1_145' title='bbox 527 1137 588 1168; x_wconf 88' lang='lat' dir='ltr'><strong><em>per</em></strong></span> <span class='ocrx_word' id='word_1_146' title='bbox 610 1125 713 1158; x_wconf 86' lang='lat' dir='ltr'><strong><em>hebd.</em></strong></span> <span class='ocrx_word' id='word_1_147' title='bbox 738 1126 770 1159; x_wconf 90' lang='lat' dir='ltr'><strong><em>h.</em></strong></span> <span class='ocrx_word' id='word_1_148' title='bbox 795 1126 860 1158; x_wconf 89' lang='lat' dir='ltr'><strong><em>def.</em></strong></span> 
     </span>
    </p>

    <p class='ocr_par' dir='ltr' id='par_1_11' title="bbox 286 1176 2074 1271">
     <span class='ocr_line' id='line_1_19' title="bbox 439 1176 2074 1219; baseline 0.001 -10"><span class='ocrx_word' id='word_1_149' title='bbox 439 1177 727 1210; x_wconf 86' lang='lat' dir='ltr'>OTTOMARUS</span> <span class='ocrx_word' id='word_1_150' title='bbox 752 1177 1041 1213; x_wconf 86' lang='lat' dir='ltr'>ROSENBACH,</span> <span class='ocrx_word' id='word_1_151' title='bbox 1067 1176 1125 1208; x_wconf 91' lang='lat' dir='ltr'><strong><em>Dr.</em></strong></span> <span class='ocrx_word' id='word_1_152' title='bbox 1173 1176 1314 1208; x_wconf 82' lang='lat' dir='ltr'><strong><em>Gratis</em></strong></span> <span class='ocrx_word' id='word_1_153' title='bbox 1336 1178 1361 1208; x_wconf 92' lang='lat' dir='ltr'><strong><em>I.</em></strong></span> <span class='ocrx_word' id='word_1_154' title='bbox 1407 1178 1455 1208; x_wconf 89' lang='lat' dir='ltr'><strong><em>De</em></strong></span> <span class='ocrx_word' id='word_1_155' title='bbox 1474 1177 1710 1219; x_wconf 76' lang='lat' dir='ltr'><strong><em>principalibus</em></strong></span> <span class='ocrx_word' id='word_1_156' title='bbox 1733 1178 1877 1210; x_wconf 77' lang='lat' dir='ltr'><strong><em>internae</em></strong></span> <span class='ocrx_word' id='word_1_157' title='bbox 1898 1178 2074 1210; x_wconf 66' lang='lat' dir='ltr'><strong><em>medicinae</em></strong></span> 
     </span>
     <span class='ocr_line' id='line_1_20' title="bbox 286 1227 1935 1271; baseline -0.001 -9"><span class='ocrx_word' id='word_1_158' title='bbox 286 1234 315 1262; x_wconf 91' lang='lat' dir='ltr'><strong><em>et</em></strong></span> <span class='ocrx_word' id='word_1_159' title='bbox 343 1230 534 1271; x_wconf 76' lang='lat' dir='ltr'><strong><em>explorandi</em></strong></span> <span class='ocrx_word' id='word_1_160' title='bbox 556 1233 585 1261; x_wconf 92' lang='lat' dir='ltr'><strong><em>et</em></strong></span> <span class='ocrx_word' id='word_1_161' title='bbox 607 1230 744 1261; x_wconf 70' lang='lat' dir='ltr'><strong><em>curandi</em></strong></span> <span class='ocrx_word' id='word_1_162' title='bbox 765 1229 919 1261; x_wconf 74' lang='lat' dir='ltr'><strong><em>methodis</em></strong></span> <span class='ocrx_word' id='word_1_163' title='bbox 944 1228 1290 1259; x_wconf 87' lang='lat' dir='ltr'><strong><em>demonstrationibus</em></strong></span> <span class='ocrx_word' id='word_1_164' title='bbox 1315 1227 1484 1260; x_wconf 83' lang='lat' dir='ltr'><strong><em>adiunctis</em></strong></span> <span class='ocrx_word' id='word_1_165' title='bbox 1509 1227 1654 1260; x_wconf 85' lang='lat' dir='ltr'><strong><em>disseret</em></strong></span> <span class='ocrx_word' id='word_1_166' title='bbox 1675 1228 1728 1260; x_wconf 90' lang='lat' dir='ltr'><strong><em>bis</em></strong></span> <span class='ocrx_word' id='word_1_167' title='bbox 1751 1239 1812 1270; x_wconf 86' lang='lat' dir='ltr'><strong><em>per</em></strong></span> <span class='ocrx_word' id='word_1_168' title='bbox 1833 1227 1935 1261; x_wconf 87' lang='lat' dir='ltr'><strong><em>hebd.</em></strong></span> 
     </span>
    </p>

    <p class='ocr_par' dir='ltr' id='par_1_12' title="bbox 286 1279 2074 1426">
     <span class='ocr_line' id='line_1_21' title="bbox 439 1279 2073 1321; baseline 0 -9"><span class='ocrx_word' id='word_1_169' title='bbox 439 1279 681 1312; x_wconf 87' lang='lat' dir='ltr'><strong><em>ALFREDUS</em></strong></span> <span class='ocrx_word' id='word_1_170' title='bbox 706 1279 988 1316; x_wconf 87' lang='lat' dir='ltr'><strong><em>BUCHWALD,</em></strong></span> <span class='ocrx_word' id='word_1_171' title='bbox 1019 1279 1078 1311; x_wconf 90' lang='lat' dir='ltr'><strong><em>Dr.</em></strong></span> <span class='ocrx_word' id='word_1_172' title='bbox 1124 1279 1266 1311; x_wconf 81' lang='lat' dir='ltr'><strong><em>Gratis</em></strong></span> <span class='ocrx_word' id='word_1_173' title='bbox 1295 1279 1320 1311; x_wconf 92' lang='grc' dir='ltr'><strong><em>Ι.</em></strong></span> <span class='ocrx_word' id='word_1_174' title='bbox 1368 1280 1418 1312; x_wconf 88' lang='lat' dir='ltr'><strong><em>De</em></strong></span> <span class='ocrx_word' id='word_1_175' title='bbox 1441 1280 1586 1321; x_wconf 78' lang='lat' dir='ltr'><strong><em>therapio</em></strong></span> <span class='ocrx_word' id='word_1_176' title='bbox 1613 1280 1716 1312; x_wconf 84' lang='lat' dir='ltr'><strong><em>morbi</em></strong></span> <span class='ocrx_word' id='word_1_177' title='bbox 1737 1290 1850 1312; x_wconf 78' lang='lat' dir='ltr'><strong><em>renum</em></strong></span> <span class='ocrx_word' id='word_1_178' title='bbox 1871 1283 1901 1312; x_wconf 86' lang='lat' dir='ltr'><strong><em>et</em></strong></span> <span class='ocrx_word' id='word_1_179' title='bbox 1922 1280 1962 1312; x_wconf 82' lang='lat' dir='ltr'><strong><em>de</em></strong></span> <span class='ocrx_word' id='word_1_180' title='bbox 1982 1289 2073 1312; x_wconf 77' lang='lat' dir='ltr'><strong><em>reno-</em></strong></span> 
     </span>
     <span class='ocr_line' id='line_1_22' title="bbox 288 1330 2074 1374; baseline -0.001 -9"><span class='ocrx_word' id='word_1_181' title='bbox 288 1333 399 1374; x_wconf 86' lang='lat' dir='ltr'><strong><em>scopia</em></strong></span> <span class='ocrx_word' id='word_1_182' title='bbox 422 1330 569 1363; x_wconf 84' lang='lat' dir='ltr'><strong><em>disseret</em></strong></span> <span class='ocrx_word' id='word_1_183' title='bbox 592 1331 696 1362; x_wconf 84' lang='lat' dir='ltr'><strong><em>semel</em></strong></span> <span class='ocrx_word' id='word_1_184' title='bbox 718 1331 780 1373; x_wconf 84' lang='lat' dir='ltr'><strong><em>per</em></strong></span> <span class='ocrx_word' id='word_1_185' title='bbox 802 1330 904 1363; x_wconf 90' lang='lat' dir='ltr'><strong><em>hebd.</em></strong></span> <span class='ocrx_word' id='word_1_186' title='bbox 949 1330 1148 1362; x_wconf 82' lang='lat' dir='ltr'><strong><em>Privatim</em></strong></span> <span class='ocrx_word' id='word_1_187' title='bbox 1170 1330 1212 1363; x_wconf 90' lang='lat'><strong><em>11.</em></strong></span> <span class='ocrx_word' id='word_1_188' title='bbox 1244 1330 1357 1372; x_wconf 81' lang='lat' dir='ltr'><strong><em>Capita</em></strong></span> <span class='ocrx_word' id='word_1_189' title='bbox 1379 1331 1494 1363; x_wconf 84' lang='lat' dir='ltr'><strong><em>selecta</em></strong></span> <span class='ocrx_word' id='word_1_190' title='bbox 1523 1332 1677 1363; x_wconf 84' lang='lat' dir='ltr'><strong><em>materiae</em></strong></span> <span class='ocrx_word' id='word_1_191' title='bbox 1699 1332 1840 1364; x_wconf 78' lang='lat' dir='ltr'><strong><em>medicae</em></strong></span> <span class='ocrx_word' id='word_1_192' title='bbox 1859 1334 1889 1364; x_wconf 79' lang='lat' dir='ltr'><strong><em>et</em></strong></span> <span class='ocrx_word' id='word_1_193' title='bbox 1911 1331 2074 1373; x_wconf 65' lang='lat' dir='ltr'><strong><em>ther-apim</em></strong></span> 
     </span>
     <span class='ocr_line' id='line_1_23' title="bbox 286 1382 720 1426; baseline 0 -12"><span class='ocrx_word' id='word_1_194' title='bbox 286 1388 437 1426; x_wconf 86' lang='lat' dir='ltr'><strong><em>exponet</em></strong></span> <span class='ocrx_word' id='word_1_195' title='bbox 458 1383 512 1414; x_wconf 88' lang='lat' dir='ltr'><strong><em>bis</em></strong></span> <span class='ocrx_word' id='word_1_196' title='bbox 537 1393 597 1424; x_wconf 86' lang='lat' dir='ltr'><strong><em>per</em></strong></span> <span class='ocrx_word' id='word_1_197' title='bbox 619 1382 720 1414; x_wconf 87' lang='lat' dir='ltr'><strong><em>hebd.</em></strong></span> 
     </span>
    </p>

    <p class='ocr_par' dir='ltr' id='par_1_13' title="bbox 286 1433 2076 1579">
     <span class='ocr_line' id='line_1_24' title="bbox 442 1433 2076 1475; baseline -0.001 -9"><span class='ocrx_word' id='word_1_198' title='bbox 442 1433 672 1467; x_wconf 82' lang='lat' dir='ltr'><strong><em>IOSEPHUS</em></strong></span> <span class='ocrx_word' id='word_1_199' title='bbox 703 1433 874 1471; x_wconf 90' lang='lat' dir='ltr'><strong>IACOBI,</strong></span> <span class='ocrx_word' id='word_1_200' title='bbox 911 1434 968 1466; x_wconf 90' lang='lat' dir='ltr'><strong><em>Dr.</em></strong></span> <span class='ocrx_word' id='word_1_201' title='bbox 1036 1433 1179 1465; x_wconf 78' lang='lat' dir='ltr'><strong><em>Gratis</em></strong></span> <span class='ocrx_word' id='word_1_202' title='bbox 1218 1433 1243 1465; x_wconf 93' lang='grc' dir='ltr'><strong><em>Ι.</em></strong></span> <span class='ocrx_word' id='word_1_203' title='bbox 1299 1434 1348 1465; x_wconf 91' lang='lat' dir='ltr'><strong><em>De</em></strong></span> <span class='ocrx_word' id='word_1_204' title='bbox 1376 1434 1511 1466; x_wconf 83' lang='lat' dir='ltr'><strong><em>historia</em></strong></span> <span class='ocrx_word' id='word_1_205' title='bbox 1534 1437 1564 1465; x_wconf 88' lang='lat' dir='ltr'><strong><em>et</em></strong></span> <span class='ocrx_word' id='word_1_206' title='bbox 1586 1434 1782 1475; x_wconf 74' lang='lat' dir='ltr'><strong><em>propkylaxi</em></strong></span> <span class='ocrx_word' id='word_1_207' title='bbox 1809 1434 1953 1466; x_wconf 75' lang='lat' dir='ltr'><strong><em>cholerae</em></strong></span> <span class='ocrx_word' id='word_1_208' title='bbox 1974 1433 2076 1467; x_wconf 84' lang='lat' dir='ltr'><strong><em>morbi</em></strong></span> 
     </span>
     <span class='ocr_line' id='line_1_25' title="bbox 290 1482 2075 1527; baseline -0.001 -10"><span class='ocrx_word' id='word_1_209' title='bbox 290 1486 434 1517; x_wconf 85' lang='lat' dir='ltr'><strong><em>disseret</em></strong></span> <span class='ocrx_word' id='word_1_210' title='bbox 459 1485 562 1517; x_wconf 89' lang='lat' dir='ltr'><strong><em>semel</em></strong></span> <span class='ocrx_word' id='word_1_211' title='bbox 585 1496 646 1527; x_wconf 90' lang='lat' dir='ltr'><strong><em>per</em></strong></span> <span class='ocrx_word' id='word_1_212' title='bbox 667 1485 771 1517; x_wconf 90' lang='lat' dir='ltr'><strong><em>hebd.</em></strong></span> <span class='ocrx_word' id='word_1_213' title='bbox 816 1485 1014 1516; x_wconf 82' lang='lat' dir='ltr'><strong><em>Privatim</em></strong></span> <span class='ocrx_word' id='word_1_214' title='bbox 1038 1484 1079 1516; x_wconf 84' lang='grc' dir='ltr'><strong><em>ΙΙ.</em></strong></span> <span class='ocrx_word' id='word_1_215' title='bbox 1125 1485 1318 1516; x_wconf 75' lang='lat' dir='ltr'><strong><em>Medicinam</em></strong></span> <span class='ocrx_word' id='word_1_216' title='bbox 1341 1484 1509 1523; x_wconf 80' lang='lat' dir='ltr'><strong><em>forensem</em></strong></span> <span class='ocrx_word' id='word_1_217' title='bbox 1537 1483 1648 1515; x_wconf 82' lang='lat' dir='ltr'><strong><em>tradet</em></strong></span> <span class='ocrx_word' id='word_1_218' title='bbox 1676 1484 1729 1515; x_wconf 90' lang='lat' dir='ltr'><strong><em>bis</em></strong></span> <span class='ocrx_word' id='word_1_219' title='bbox 1757 1495 1819 1527; x_wconf 85' lang='lat' dir='ltr'><strong><em>per</em></strong></span> <span class='ocrx_word' id='word_1_220' title='bbox 1845 1482 1947 1518; x_wconf 86' lang='lat' dir='ltr'><strong><em>hebd.</em></strong></span> <span class='ocrx_word' id='word_1_221' title='bbox 1966 1523 1970 1527; x_wconf 26' lang='lat'>⁸</span> <span class='ocrx_word' id='word_1_222' title='bbox 1991 1483 2075 1516; x_wconf 84' lang='lat' dir='ltr'><strong><em>Pri-</em></strong></span> 
     </span>
     <span class='ocr_line' id='line_1_26' title="bbox 286 1534 1705 1579; baseline -0.001 -11"><span class='ocrx_word' id='word_1_223' title='bbox 286 1537 504 1569; x_wconf 85' lang='lat' dir='ltr'><strong><em>vatissime</em></strong></span> <span class='ocrx_word' id='word_1_224' title='bbox 528 1542 567 1569; x_wconf 89' lang='lat' dir='ltr'><strong><em>et</em></strong></span> <span class='ocrx_word' id='word_1_225' title='bbox 590 1536 722 1579; x_wconf 83' lang='lat' dir='ltr'><strong><em>gratis</em></strong></span> <span class='ocrx_word' id='word_1_226' title='bbox 744 1536 803 1568; x_wconf 93' lang='grc' dir='ltr'><strong>ΙΙΙ.</strong></span> <span class='ocrx_word' id='word_1_227' title='bbox 851 1537 1019 1568; x_wconf 83' lang='lat' dir='ltr'><strong><em>Theoriam</em></strong></span> <span class='ocrx_word' id='word_1_228' title='bbox 1042 1539 1071 1567; x_wconf 91' lang='lat' dir='ltr'><strong><em>et</em></strong></span> <span class='ocrx_word' id='word_1_229' title='bbox 1087 1536 1212 1577; x_wconf 75' lang='lat' dir='ltr'><strong><em>praoein</em></strong></span> <span class='ocrx_word' id='word_1_230' title='bbox 1234 1535 1424 1567; x_wconf 84' lang='lat' dir='ltr'><strong><em>vaccinandi</em></strong></span> <span class='ocrx_word' id='word_1_231' title='bbox 1446 1534 1559 1567; x_wconf 80' lang='lat' dir='ltr'><strong><em>tradet</em></strong></span> <span class='ocrx_word' id='word_1_232' title='bbox 1580 1534 1614 1567; x_wconf 84' lang='lat' dir='ltr'><strong><em>h.</em></strong></span> <span class='ocrx_word' id='word_1_233' title='bbox 1639 1534 1705 1567; x_wconf 86' lang='lat' dir='ltr'><strong><em>def.</em></strong></span> 
     </span>
    </p>
   </div>
   <div class='ocr_carea' id='block_1_8' title="bbox 287 1594 2075 1680">
    <p class='ocr_par' dir='ltr' id='par_1_14' title="bbox 287 1594 2075 1680">
     <span class='ocr_line' id='line_1_27' title="bbox 443 1594 2075 1638; baseline 0.001 -10"><span class='ocrx_word' id='word_1_234' title='bbox 443 1596 782 1628; x_wconf 87' lang='lat' dir='ltr'><strong>MAXIMILIANUS</strong></span> <span class='ocrx_word' id='word_1_235' title='bbox 809 1595 1016 1632; x_wconf 89' lang='lat' dir='ltr'>WIENER,</span> <span class='ocrx_word' id='word_1_236' title='bbox 1048 1595 1107 1628; x_wconf 90' lang='lat' dir='ltr'><strong><em>Dr.</em></strong></span> <span class='ocrx_word' id='word_1_237' title='bbox 1154 1594 1297 1627; x_wconf 79' lang='lat' dir='ltr'><strong><em>Gratis</em></strong></span> <span class='ocrx_word' id='word_1_238' title='bbox 1327 1594 1351 1627; x_wconf 94' lang='lat'><strong><em>1.</em></strong></span> <span class='ocrx_word' id='word_1_239' title='bbox 1395 1595 1444 1626; x_wconf 89' lang='lat' dir='ltr'><strong><em>De</em></strong></span> <span class='ocrx_word' id='word_1_240' title='bbox 1475 1595 1675 1637; x_wconf 73' lang='lat' dir='ltr'><strong><em>physioloyia</em></strong></span> <span class='ocrx_word' id='word_1_241' title='bbox 1692 1596 1804 1635; x_wconf 73' lang='lat' dir='ltr'><strong><em>foetus</em></strong></span> <span class='ocrx_word' id='word_1_242' title='bbox 1835 1599 1915 1638; x_wconf 75' lang='lat' dir='ltr'><strong><em>aget</em></strong></span> <span class='ocrx_word' id='word_1_243' title='bbox 1941 1594 1975 1629; x_wconf 87' lang='lat' dir='ltr'><strong><em>d.</em></strong></span> <span class='ocrx_word' id='word_1_244' title='bbox 2003 1595 2075 1629; x_wconf 67' lang='lat' dir='ltr'><strong><em>Sat.</em></strong></span> 
     </span>
     <span class='ocr_line' id='line_1_28' title="bbox 287 1645 1725 1680; baseline -0.002 0"><span class='ocrx_word' id='word_1_245' title='bbox 287 1649 320 1680; x_wconf 88' lang='lat' dir='ltr'><strong><em>h.</em></strong></span> <span class='ocrx_word' id='word_1_246' title='bbox 346 1649 386 1680; x_wconf 87' lang='grc' dir='ltr'><strong><em>ΙΙ.</em></strong></span> <span class='ocrx_word' id='word_1_247' title='bbox 434 1648 632 1679; x_wconf 76' lang='lat' dir='ltr'><strong><em>Privatim</em></strong></span> <span class='ocrx_word' id='word_1_248' title='bbox 655 1647 696 1680; x_wconf 89' lang='grc' dir='ltr'><strong><em>ΙΙ.</em></strong></span> <span class='ocrx_word' id='word_1_249' title='bbox 740 1648 789 1679; x_wconf 93' lang='lat' dir='ltr'><strong><em>De</em></strong></span> <span class='ocrx_word' id='word_1_250' title='bbox 811 1647 931 1679; x_wconf 85' lang='lat' dir='ltr'><strong><em>morbis</em></strong></span> <span class='ocrx_word' id='word_1_251' title='bbox 953 1647 1122 1678; x_wconf 71' lang='lat' dir='ltr'><strong><em>mulierum</em></strong></span> <span class='ocrx_word' id='word_1_252' title='bbox 1145 1645 1291 1678; x_wconf 82' lang='lat' dir='ltr'><strong><em>disseret</em></strong></span> <span class='ocrx_word' id='word_1_253' title='bbox 1314 1645 1346 1677; x_wconf 89' lang='lat' dir='ltr'><strong><em>d.</em></strong></span> <span class='ocrx_word' id='word_1_254' title='bbox 1369 1646 1454 1679; x_wconf 89' lang='lat' dir='ltr'><strong><em>Lun.</em></strong></span> <span class='ocrx_word' id='word_1_255' title='bbox 1477 1650 1512 1678; x_wconf 87' lang='lat' dir='ltr'><strong><em>et</em></strong></span> <span class='ocrx_word' id='word_1_256' title='bbox 1533 1646 1604 1679; x_wconf 90' lang='lat' dir='ltr'><strong><em>Iov.</em></strong></span> <span class='ocrx_word' id='word_1_257' title='bbox 1627 1646 1661 1678; x_wconf 90' lang='lat' dir='ltr'><strong><em>h.</em></strong></span> <span class='ocrx_word' id='word_1_258' title='bbox 1685 1646 1725 1678; x_wconf 91' lang='lat'><strong><em>11.</em></strong></span> 
     </span>
    </p>
   </div>
   <div class='ocr_carea' id='block_1_9' title="bbox 442 1705 2076 1749">
    <p class='ocr_par' dir='ltr' id='par_1_15' title="bbox 442 1705 2076 1749">
     <span class='ocr_line' id='line_1_29' title="bbox 442 1705 2076 1749; baseline 0 -10"><span class='ocrx_word' id='word_1_259' title='bbox 442 1707 782 1739; x_wconf 87' lang='lat' dir='ltr'><strong>MAXIMILIANUS</strong></span> <span class='ocrx_word' id='word_1_260' title='bbox 815 1705 1130 1739; x_wconf 86' lang='lat' dir='ltr'><strong><em>BERNHARDUS</em></strong></span> <span class='ocrx_word' id='word_1_261' title='bbox 1154 1705 1948 1746; x_wconf 69' lang='lat' dir='ltr'><strong><em>FREUND,Dr.G1-atis1.Paediamoes</em></strong></span> <span class='ocrx_word' id='word_1_262' title='bbox 1970 1708 2076 1749; x_wconf 76' lang='lat' dir='ltr'><strong><em>capita</em></strong></span> 
     </span>
    </p>
   </div>
   <div class='ocr_carea' id='block_1_10' title="bbox 284 1757 2075 1853">
    <p class='ocr_par' dir='ltr' id='par_1_16' title="bbox 284 1757 2075 1853">
     <span class='ocr_line' id='line_1_30' title="bbox 288 1757 2075 1801; baseline 0 -9"><span class='ocrx_word' id='word_1_263' title='bbox 288 1761 404 1792; x_wconf 84' lang='lat' dir='ltr'><strong><em>selecta</em></strong></span> <span class='ocrx_word' id='word_1_264' title='bbox 426 1759 540 1791; x_wconf 83' lang='lat' dir='ltr'><strong><em>tradet</em></strong></span> <span class='ocrx_word' id='word_1_265' title='bbox 563 1759 668 1790; x_wconf 80' lang='lat' dir='ltr'><strong><em>semel</em></strong></span> <span class='ocrx_word' id='word_1_266' title='bbox 690 1769 752 1801; x_wconf 89' lang='lat' dir='ltr'><strong><em>per</em></strong></span> <span class='ocrx_word' id='word_1_267' title='bbox 774 1758 876 1790; x_wconf 88' lang='lat' dir='ltr'><strong><em>hebd.</em></strong></span> <span class='ocrx_word' id='word_1_268' title='bbox 900 1758 932 1791; x_wconf 92' lang='lat' dir='ltr'><strong><em>h</em></strong></span> <span class='ocrx_word' id='word_1_269' title='bbox 957 1757 1022 1790; x_wconf 84' lang='lat' dir='ltr'><strong><em>def.</em></strong></span> <span class='ocrx_word' id='word_1_270' title='bbox 1068 1757 1268 1790; x_wconf 81' lang='lat' dir='ltr'><strong><em>Privatim</em></strong></span> <span class='ocrx_word' id='word_1_271' title='bbox 1290 1757 1333 1790; x_wconf 90' lang='lat' dir='ltr'><strong><em>II.</em></strong></span> <span class='ocrx_word' id='word_1_272' title='bbox 1378 1758 1427 1790; x_wconf 94' lang='lat' dir='ltr'><strong><em>De</em></strong></span> <span class='ocrx_word' id='word_1_273' title='bbox 1455 1759 1673 1790; x_wconf 83' lang='lat' dir='ltr'><strong><em>oaccinatione</em></strong></span> <span class='ocrx_word' id='word_1_274' title='bbox 1700 1768 1771 1791; x_wconf 77' lang='lat' dir='ltr'><strong><em>cum</em></strong></span> <span class='ocrx_word' id='word_1_275' title='bbox 1797 1758 2075 1792; x_wconf 65' lang='lat' dir='ltr'><strong><em>exercitationibus</em></strong></span> 
     </span>
     <span class='ocr_line' id='line_1_31' title="bbox 284 1808 1031 1853; baseline -0.004 -10"><span class='ocrx_word' id='word_1_276' title='bbox 284 1811 440 1852; x_wconf 84' lang='lat' dir='ltr'><strong><em>practicis</em></strong></span> <span class='ocrx_word' id='word_1_277' title='bbox 464 1814 542 1853; x_wconf 84' lang='lat' dir='ltr'><strong><em>aget</em></strong></span> <span class='ocrx_word' id='word_1_278' title='bbox 571 1810 675 1841; x_wconf 86' lang='lat' dir='ltr'><strong><em>semel</em></strong></span> <span class='ocrx_word' id='word_1_279' title='bbox 698 1820 759 1851; x_wconf 89' lang='lat' dir='ltr'><strong><em>per</em></strong></span> <span class='ocrx_word' id='word_1_280' title='bbox 781 1809 884 1841; x_wconf 89' lang='lat' dir='ltr'><strong><em>hebd.</em></strong></span> <span class='ocrx_word' id='word_1_281' title='bbox 907 1808 940 1841; x_wconf 89' lang='lat' dir='ltr'><strong><em>h.</em></strong></span> <span class='ocrx_word' id='word_1_282' title='bbox 966 1808 1031 1841; x_wconf 83' lang='lat' dir='ltr'><strong><em>def.</em></strong></span> 
     </span>
    </p>
   </div>
   <div class='ocr_carea' id='block_1_11' title="bbox 444 1859 2076 1901">
    <p class='ocr_par' dir='ltr' id='par_1_17' title="bbox 444 1859 2076 1901">
     <span class='ocr_line' id='line_1_32' title="bbox 444 1859 2076 1901; baseline -0.001 -8"><span class='ocrx_word' id='word_1_283' title='bbox 444 1861 700 1893; x_wconf 82' lang='lat' dir='ltr'><strong>TRAUGOTT</strong></span> <span class='ocrx_word' id='word_1_284' title='bbox 724 1860 928 1898; x_wconf 85' lang='lat' dir='ltr'>KRONER,</span> <span class='ocrx_word' id='word_1_285' title='bbox 959 1860 1019 1893; x_wconf 89' lang='lat' dir='ltr'><strong><em>Dr.</em></strong></span> <span class='ocrx_word' id='word_1_286' title='bbox 1065 1860 1206 1892; x_wconf 82' lang='lat' dir='ltr'><strong><em>Gratis</em></strong></span> <span class='ocrx_word' id='word_1_287' title='bbox 1234 1860 1259 1892; x_wconf 91' lang='grc' dir='ltr'><strong><em>Ι.</em></strong></span> <span class='ocrx_word' id='word_1_288' title='bbox 1294 1861 1550 1892; x_wconf 78' lang='lat' dir='ltr'><strong><em>Eoeercitationes</em></strong></span> <span class='ocrx_word' id='word_1_289' title='bbox 1571 1861 1832 1901; x_wconf 75' lang='lat' dir='ltr'><strong><em>yynaecoloyieas</em></strong></span> <span class='ocrx_word' id='word_1_290' title='bbox 1859 1859 2076 1901; x_wconf 67' lang='lat' dir='ltr'><strong><em>diagnoetioas</em></strong></span> 
     </span>
    </p>
   </div>
   <div class='ocr_carea' id='block_1_12' title="bbox 290 1909 2075 1996">
    <p class='ocr_par' dir='ltr' id='par_1_18' title="bbox 290 1909 2075 1996">
     <span class='ocr_line' id='line_1_33' title="bbox 292 1909 2075 1953; baseline -0.001 -9"><span class='ocrx_word' id='word_1_291' title='bbox 292 1913 433 1944; x_wconf 90' lang='lat' dir='ltr'><strong><em>habebit</em></strong></span> <span class='ocrx_word' id='word_1_292' title='bbox 455 1912 488 1945; x_wconf 87' lang='lat' dir='ltr'><strong><em>d.</em></strong></span> <span class='ocrx_word' id='word_1_293' title='bbox 512 1913 582 1944; x_wconf 83' lang='lat' dir='ltr'><strong><em>Sat.</em></strong></span> <span class='ocrx_word' id='word_1_294' title='bbox 606 1912 640 1944; x_wconf 93' lang='lat' dir='ltr'><strong><em>h.</em></strong></span> <span class='ocrx_word' id='word_1_295' title='bbox 663 1912 704 1944; x_wconf 89' lang='lat' dir='ltr'><strong><em>II.</em></strong></span> <span class='ocrx_word' id='word_1_296' title='bbox 755 1911 953 1943; x_wconf 78' lang='lat' dir='ltr'><strong><em>Privatim</em></strong></span> <span class='ocrx_word' id='word_1_297' title='bbox 977 1912 1018 1943; x_wconf 90' lang='lat' dir='ltr'><strong><em>II.</em></strong></span> <span class='ocrx_word' id='word_1_298' title='bbox 1053 1912 1102 1943; x_wconf 90' lang='lat' dir='ltr'><strong><em>De</em></strong></span> <span class='ocrx_word' id='word_1_299' title='bbox 1125 1912 1311 1953; x_wconf 77' lang='lat' dir='ltr'><strong><em>patholoyia</em></strong></span> <span class='ocrx_word' id='word_1_300' title='bbox 1340 1915 1368 1944; x_wconf 86' lang='lat' dir='ltr'><strong><em>et</em></strong></span> <span class='ocrx_word' id='word_1_301' title='bbox 1391 1912 1537 1953; x_wconf 74' lang='lat' dir='ltr'><strong><em>ther-apia</em></strong></span> <span class='ocrx_word' id='word_1_302' title='bbox 1563 1913 1728 1953; x_wconf 71' lang='lat' dir='ltr'><strong><em>puerperii</em></strong></span> <span class='ocrx_word' id='word_1_303' title='bbox 1757 1911 1903 1943; x_wconf 79' lang='lat' dir='ltr'><strong><em>disseret</em></strong></span> <span class='ocrx_word' id='word_1_304' title='bbox 1931 1909 1964 1943; x_wconf 90' lang='lat' dir='ltr'><strong><em>d.</em></strong></span> <span class='ocrx_word' id='word_1_305' title='bbox 1991 1909 2075 1942; x_wconf 91' lang='lat' dir='ltr'><strong><em>Lun.</em></strong></span> 
     </span>
     <span class='ocr_line' id='line_1_34' title="bbox 290 1963 540 1996; baseline 0.004 -1"><span class='ocrx_word' id='word_1_306' title='bbox 290 1968 323 1995; x_wconf 88' lang='lat' dir='ltr'><strong><em>et</em></strong></span> <span class='ocrx_word' id='word_1_307' title='bbox 345 1964 417 1996; x_wconf 90' lang='lat' dir='ltr'><strong><em>Iov.</em></strong></span> <span class='ocrx_word' id='word_1_308' title='bbox 441 1963 473 1994; x_wconf 91' lang='lat' dir='ltr'><strong><em>h.</em></strong></span> <span class='ocrx_word' id='word_1_309' title='bbox 498 1963 540 1996; x_wconf 90' lang='lat' dir='ltr'><strong><em>V.</em></strong></span> 
     </span>
    </p>
   </div>
   <div class='ocr_carea' id='block_1_13' title="bbox 290 2011 2078 2107">
    <p class='ocr_par' dir='ltr' id='par_1_19' title="bbox 290 2011 2078 2107">
     <span class='ocr_line' id='line_1_35' title="bbox 441 2011 2076 2055; baseline -0.001 -9"><span class='ocrx_word' id='word_1_310' title='bbox 441 2014 722 2047; x_wconf 85' lang='lat' dir='ltr'><strong>FRANCISCUS</strong></span> <span class='ocrx_word' id='word_1_311' title='bbox 746 2013 1022 2050; x_wconf 84' lang='lat' dir='ltr'><strong>ROEHMANN‚</strong></span> <span class='ocrx_word' id='word_1_312' title='bbox 1047 2013 1106 2046; x_wconf 89' lang='lat' dir='ltr'><strong><em>Dr.</em></strong></span> <span class='ocrx_word' id='word_1_313' title='bbox 1151 2013 1346 2046; x_wconf 78' lang='lat' dir='ltr'><strong><em>Privatim</em></strong></span> <span class='ocrx_word' id='word_1_314' title='bbox 1369 2013 1394 2045; x_wconf 92' lang='grc' dir='ltr'><strong><em>Ι.</em></strong></span> <span class='ocrx_word' id='word_1_315' title='bbox 1427 2013 1588 2046; x_wconf 82' lang='lat' dir='ltr'><strong><em>Chemiam</em></strong></span> <span class='ocrx_word' id='word_1_316' title='bbox 1608 2014 1858 2055; x_wconf 75' lang='lat' dir='ltr'><strong><em>physioloyieam</em></strong></span> <span class='ocrx_word' id='word_1_317' title='bbox 1881 2012 2020 2045; x_wconf 81' lang='lat' dir='ltr'><strong><em>docebit</em></strong></span> <span class='ocrx_word' id='word_1_318' title='bbox 2043 2011 2076 2044; x_wconf 91' lang='lat' dir='ltr'><strong><em>d.</em></strong></span> 
     </span>
     <span class='ocr_line' id='line_1_36' title="bbox 290 2064 2078 2107; baseline -0.002 -9"><span class='ocrx_word' id='word_1_319' title='bbox 290 2066 374 2099; x_wconf 90' lang='lat' dir='ltr'><strong><em>Lun.</em></strong></span> <span class='ocrx_word' id='word_1_320' title='bbox 398 2066 470 2099; x_wconf 88' lang='lat' dir='ltr'><strong><em>Iov.</em></strong></span> <span class='ocrx_word' id='word_1_321' title='bbox 494 2066 580 2099; x_wconf 83' lang='lat' dir='ltr'><strong><em>Ven.</em></strong></span> <span class='ocrx_word' id='word_1_322' title='bbox 604 2066 638 2098; x_wconf 90' lang='lat' dir='ltr'><strong><em>h.</em></strong></span> <span class='ocrx_word' id='word_1_323' title='bbox 662 2066 754 2098; x_wconf 88' lang='lat' dir='ltr'><strong><em>VIII.</em></strong></span> <span class='ocrx_word' id='word_1_324' title='bbox 799 2065 1082 2097; x_wconf 86' lang='lat' dir='ltr'><strong><em>Privatissime</em></strong></span> <span class='ocrx_word' id='word_1_325' title='bbox 1115 2066 1156 2097; x_wconf 89' lang='lat' dir='ltr'><strong><em>H.</em></strong></span> <span class='ocrx_word' id='word_1_326' title='bbox 1207 2066 1463 2098; x_wconf 75' lang='lat' dir='ltr'><strong><em>Exercitationes</em></strong></span> <span class='ocrx_word' id='word_1_327' title='bbox 1496 2065 1635 2098; x_wconf 79' lang='lat' dir='ltr'><strong><em>ckemiae</em></strong></span> <span class='ocrx_word' id='word_1_328' title='bbox 1662 2066 1832 2107; x_wconf 76' lang='lat' dir='ltr'><strong><em>practicus</em></strong></span> <span class='ocrx_word' id='word_1_329' title='bbox 1854 2064 1889 2096; x_wconf 88' lang='lat' dir='ltr'><strong><em>in</em></strong></span> <span class='ocrx_word' id='word_1_330' title='bbox 1917 2074 2016 2096; x_wconf 86' lang='lat' dir='ltr'><strong><em>usum</em></strong></span> <span class='ocrx_word' id='word_1_331' title='bbox 2043 2067 2078 2095; x_wconf 84' lang='lat' dir='ltr'><strong><em>et</em></strong></span> 
     </span>
    </p>
   </div>
   <div class='ocr_carea' id='block_1_14' title="bbox 291 2113 2138 2166">
    <p class='ocr_par' dir='ltr' id='par_1_20' title="bbox 291 2113 2138 2166">
     <span class='ocr_line' id='line_1_37' title="bbox 291 2113 2138 2166; baseline -0.002 -17"><span class='ocrx_word' id='word_1_332' title='bbox 291 2127 416 2159; x_wconf 86' lang='lat' dir='ltr'><strong><em>eorum,</em></strong></span> <span class='ocrx_word' id='word_1_333' title='bbox 442 2118 499 2160; x_wconf 90' lang='lat' dir='ltr'><strong><em>qui</em></strong></span> <span class='ocrx_word' id='word_1_334' title='bbox 523 2117 577 2148; x_wconf 89' lang='lat' dir='ltr'><strong><em>his</em></strong></span> <span class='ocrx_word' id='word_1_335' title='bbox 601 2117 724 2149; x_wconf 87' lang='lat' dir='ltr'><strong><em>studiis</em></strong></span> <span class='ocrx_word' id='word_1_336' title='bbox 748 2127 885 2159; x_wconf 85' lang='lat' dir='ltr'><strong><em>operam</em></strong></span> <span class='ocrx_word' id='word_1_337' title='bbox 910 2116 990 2148; x_wconf 88' lang='lat' dir='ltr'><strong><em>dare</em></strong></span> <span class='ocrx_word' id='word_1_338' title='bbox 1013 2117 1189 2158; x_wconf 87' lang='lat' dir='ltr'><strong><em>incipiunt,</em></strong></span> <span class='ocrx_word' id='word_1_339' title='bbox 1214 2121 1248 2148; x_wconf 86' lang='lat' dir='ltr'><strong><em>et</em></strong></span> <span class='ocrx_word' id='word_1_340' title='bbox 1265 2127 1390 2153; x_wconf 88' lang='lat' dir='ltr'><strong><em>eorum,</em></strong></span> <span class='ocrx_word' id='word_1_341' title='bbox 1415 2115 1474 2158; x_wconf 89' lang='lat' dir='ltr'><strong><em>qui</em></strong></span> <span class='ocrx_word' id='word_1_342' title='bbox 1490 2115 1627 2159; x_wconf 82' lang='lat' dir='ltr'><strong><em>longius</em></strong></span> <span class='ocrx_word' id='word_1_343' title='bbox 1647 2115 1803 2158; x_wconf 84' lang='lat' dir='ltr'><strong><em>provecti</em></strong></span> <span class='ocrx_word' id='word_1_344' title='bbox 1826 2119 1916 2157; x_wconf 85' lang='lat' dir='ltr'><strong><em>sunt,</em></strong></span> <span class='ocrx_word' id='word_1_345' title='bbox 1938 2113 2078 2166; x_wconf 63' lang='lat' dir='ltr'><strong><em>habebit</em></strong></span> <span class='ocrx_word' id='word_1_346' title='bbox 2136 2135 2138 2139; x_wconf 92' lang='lat'>-</span> 
     </span>
    </p>
   </div>
   <div class='ocr_carea' id='block_1_15' title="bbox 290 2168 697 2211">
    <p class='ocr_par' dir='ltr' id='par_1_21' title="bbox 290 2168 697 2211">
     <span class='ocr_line' id='line_1_38' title="bbox 290 2168 697 2211; baseline 0 -11"><span class='ocrx_word' id='word_1_347' title='bbox 290 2169 342 2200; x_wconf 90' lang='lat' dir='ltr'><strong><em>bis</em></strong></span> <span class='ocrx_word' id='word_1_348' title='bbox 367 2179 427 2211; x_wconf 85' lang='lat' dir='ltr'><strong><em>per</em></strong></span> <span class='ocrx_word' id='word_1_349' title='bbox 448 2168 550 2202; x_wconf 90' lang='lat' dir='ltr'><strong><em>hebd.</em></strong></span> <span class='ocrx_word' id='word_1_350' title='bbox 574 2169 608 2200; x_wconf 92' lang='lat' dir='ltr'><strong><em>h.</em></strong></span> <span class='ocrx_word' id='word_1_351' title='bbox 631 2168 697 2201; x_wconf 89' lang='lat' dir='ltr'><strong><em>def.</em></strong></span> 
     </span>
    </p>
   </div>
   <div class='ocr_carea' id='block_1_16' title="bbox 291 2216 2138 2313">
    <p class='ocr_par' dir='ltr' id='par_1_22' title="bbox 291 2207 2138 2313">
     <span class='ocr_line' id='line_1_39' title="bbox 443 2216 2138 2259; baseline -0.001 -8"><span class='ocrx_word' id='word_1_352' title='bbox 443 2219 692 2251; x_wconf 83' lang='lat' dir='ltr'><strong><em>ARNOLDUS</em></strong></span> <span class='ocrx_word' id='word_1_353' title='bbox 723 2218 906 2258; x_wconf 88' lang='lat' dir='ltr'>HILLER,</span> <span class='ocrx_word' id='word_1_354' title='bbox 942 2218 1000 2251; x_wconf 92' lang='lat' dir='ltr'><strong><em>Dr.</em></strong></span> <span class='ocrx_word' id='word_1_355' title='bbox 1052 2218 1202 2250; x_wconf 82' lang='lat' dir='ltr'><strong><em>Gratis.</em></strong></span> <span class='ocrx_word' id='word_1_356' title='bbox 1248 2219 1407 2259; x_wconf 74' lang='lat' dir='ltr'><strong><em>Hyyienes</em></strong></span> <span class='ocrx_word' id='word_1_357' title='bbox 1429 2218 1580 2250; x_wconf 83' lang='lat' dir='ltr'><strong><em>militaris</em></strong></span> <span class='ocrx_word' id='word_1_358' title='bbox 1598 2222 1724 2258; x_wconf 82' lang='lat' dir='ltr'><strong><em>partem</em></strong></span> <span class='ocrx_word' id='word_1_359' title='bbox 1750 2218 1884 2250; x_wconf 80' lang='lat' dir='ltr'><strong><em>alteram</em></strong></span> <span class='ocrx_word' id='word_1_360' title='bbox 1910 2217 2078 2259; x_wconf 61' lang='lat' dir='ltr'><strong><em>(hymen</em></strong></span> <span class='ocrx_word' id='word_1_361' title='bbox 2134 2216 2138 2258; x_wconf 67' lang='grc' dir='ltr'><strong>ί</strong></span> 
     </span>
     <span class='ocr_line' id='line_1_40' title="bbox 291 2267 2138 2313; baseline -0.001 -11"><span class='ocrx_word' id='word_1_362' title='bbox 291 2274 470 2303; x_wconf 78' lang='lat' dir='ltr'><strong><em>castrorum</em></strong></span> <span class='ocrx_word' id='word_1_363' title='bbox 493 2274 586 2313; x_wconf 83' lang='lat' dir='ltr'><strong><em>atqae</em></strong></span> <span class='ocrx_word' id='word_1_364' title='bbox 608 2271 746 2311; x_wconf 80' lang='lat' dir='ltr'><strong><em>itineris,</em></strong></span> <span class='ocrx_word' id='word_1_365' title='bbox 769 2271 901 2302; x_wconf 79' lang='lat' dir='ltr'><strong><em>vestitus</em></strong></span> <span class='ocrx_word' id='word_1_366' title='bbox 924 2273 953 2302; x_wconf 92' lang='lat' dir='ltr'><strong><em>et</em></strong></span> <span class='ocrx_word' id='word_1_367' title='bbox 975 2273 1171 2310; x_wconf 81' lang='lat' dir='ltr'><strong><em>armaturae,</em></strong></span> <span class='ocrx_word' id='word_1_368' title='bbox 1200 2270 1459 2310; x_wconf 85' lang='lat' dir='ltr'><strong><em>alimentationis,</em></strong></span> <span class='ocrx_word' id='word_1_369' title='bbox 1488 2273 1580 2311; x_wconf 76' lang='lat' dir='ltr'><strong><em>atque</em></strong></span> <span class='ocrx_word' id='word_1_370' title='bbox 1601 2269 1728 2301; x_wconf 87' lang='lat' dir='ltr'><strong><em>morbos</em></strong></span> <span class='ocrx_word' id='word_1_371' title='bbox 1751 2280 1791 2302; x_wconf 78' lang='lat' dir='ltr'><strong><em>eae</em></strong></span> <span class='ocrx_word' id='word_1_372' title='bbox 1811 2267 1979 2302; x_wconf 75' lang='lat' dir='ltr'><strong><em>itineribus</em></strong></span> <span class='ocrx_word' id='word_1_373' title='bbox 2001 2278 2076 2301; x_wconf 79' lang='lat' dir='ltr'><strong><em>eon-</em></strong></span> <span class='ocrx_word' id='word_1_374' title='bbox 2134 2278 2138 2296; x_wconf 68' lang='grc' dir='ltr'><strong><em>ε</em></strong></span> 
     </span>
    </p>
   </div>
   <div class='ocr_carea' id='block_1_17' title="bbox 290 2319 2138 2423">
    <p class='ocr_par' dir='ltr' id='par_1_23' title="bbox 290 2319 2138 2423">
     <span class='ocr_line' id='line_1_41' title="bbox 290 2319 2138 2363; baseline -0.001 -11"><span class='ocrx_word' id='word_1_375' title='bbox 290 2324 408 2354; x_wconf 85' lang='lat' dir='ltr'><strong><em>tractos</em></strong></span> <span class='ocrx_word' id='word_1_376' title='bbox 431 2323 654 2360; x_wconf 81' lang='lat' dir='ltr'><strong><em>continentem)</em></strong></span> <span class='ocrx_word' id='word_1_377' title='bbox 677 2321 838 2353; x_wconf 84' lang='lat' dir='ltr'><strong><em>tractabit</em></strong></span> <span class='ocrx_word' id='word_1_378' title='bbox 859 2321 913 2352; x_wconf 91' lang='lat' dir='ltr'><strong><em>bis</em></strong></span> <span class='ocrx_word' id='word_1_379' title='bbox 936 2331 997 2363; x_wconf 90' lang='lat' dir='ltr'><strong><em>per</em></strong></span> <span class='ocrx_word' id='word_1_380' title='bbox 1019 2320 1121 2352; x_wconf 87' lang='lat' dir='ltr'><strong><em>hebd.</em></strong></span> <span class='ocrx_word' id='word_1_381' title='bbox 1144 2320 1177 2351; x_wconf 88' lang='lat' dir='ltr'><strong><em>h.</em></strong></span> <span class='ocrx_word' id='word_1_382' title='bbox 1204 2319 1270 2352; x_wconf 89' lang='lat' dir='ltr'><strong><em>def.</em></strong></span> <span class='ocrx_word' id='word_1_383' title='bbox 2134 2339 2138 2362; x_wconf 62' lang='lat'>3</span> 
     </span>
     <span class='ocr_line' id='line_1_42' title="bbox 446 2378 2138 2423; baseline -0.001 -10"><span class='ocrx_word' id='word_1_384' title='bbox 446 2380 654 2413; x_wconf 87' lang='lat' dir='ltr'><strong>CAROLUS</strong></span> <span class='ocrx_word' id='word_1_385' title='bbox 684 2381 912 2418; x_wconf 85' lang='lat' dir='ltr'><strong><em>PARTSCH,</em></strong></span> <span class='ocrx_word' id='word_1_386' title='bbox 943 2381 1001 2413; x_wconf 93' lang='lat' dir='ltr'><strong><em>Dr.</em></strong></span> <span class='ocrx_word' id='word_1_387' title='bbox 1048 2380 1190 2412; x_wconf 85' lang='lat' dir='ltr'><strong><em>Gratis</em></strong></span> <span class='ocrx_word' id='word_1_388' title='bbox 1219 2380 1244 2412; x_wconf 93' lang='grc' dir='ltr'><strong><em>Ι.</em></strong></span> <span class='ocrx_word' id='word_1_389' title='bbox 1289 2381 1339 2412; x_wconf 86' lang='lat' dir='ltr'><strong><em>De</em></strong></span> <span class='ocrx_word' id='word_1_390' title='bbox 1361 2380 1576 2412; x_wconf 62' lang='lat' dir='ltr'><strong><em>lineationibus</em></strong></span> <span class='ocrx_word' id='word_1_391' title='bbox 1599 2379 1746 2412; x_wconf 87' lang='lat' dir='ltr'><strong><em>disseret</em></strong></span> <span class='ocrx_word' id='word_1_392' title='bbox 1767 2379 1872 2412; x_wconf 84' lang='lat' dir='ltr'><strong><em>semel</em></strong></span> <span class='ocrx_word' id='word_1_393' title='bbox 1892 2389 1954 2422; x_wconf 85' lang='lat' dir='ltr'><strong><em>per</em></strong></span> <span class='ocrx_word' id='word_1_394' title='bbox 1974 2378 2077 2411; x_wconf 88' lang='lat' dir='ltr'><strong><em>hebd.</em></strong></span> <span class='ocrx_word' id='word_1_395' title='bbox 2131 2382 2138 2423; x_wconf 60' lang='grc' dir='ltr'><em>ζ</em></span> 
     </span>
    </p>
   </div>
   <div class='ocr_carea' id='block_1_18' title="bbox 291 2430 2138 2474">
    <p class='ocr_par' dir='ltr' id='par_1_24' title="bbox 291 2430 2138 2474">
     <span class='ocr_line' id='line_1_43' title="bbox 291 2430 2138 2474; baseline 0.001 -13"><span class='ocrx_word' id='word_1_396' title='bbox 291 2430 490 2463; x_wconf 86' lang='lat' dir='ltr'><strong><em>Privatim</em></strong></span> <span class='ocrx_word' id='word_1_397' title='bbox 518 2433 559 2464; x_wconf 91' lang='grc' dir='ltr'><strong><em>ΙΙ.</em></strong></span> <span class='ocrx_word' id='word_1_398' title='bbox 612 2433 662 2465; x_wconf 85' lang='lat' dir='ltr'><strong><em>De</em></strong></span> <span class='ocrx_word' id='word_1_399' title='bbox 687 2433 849 2471; x_wconf 76' lang='lat' dir='ltr'><strong><em>fracturis</em></strong></span> <span class='ocrx_word' id='word_1_400' title='bbox 883 2433 1004 2464; x_wconf 76' lang='lat' dir='ltr'><strong><em>ossium</em></strong></span> <span class='ocrx_word' id='word_1_401' title='bbox 1038 2431 1184 2463; x_wconf 83' lang='lat' dir='ltr'><strong><em>disseret</em></strong></span> <span class='ocrx_word' id='word_1_402' title='bbox 1217 2436 1269 2463; x_wconf 88' lang='lat' dir='ltr'><strong><em>ter</em></strong></span> <span class='ocrx_word' id='word_1_403' title='bbox 1301 2442 1363 2474; x_wconf 91' lang='lat' dir='ltr'><strong><em>per</em></strong></span> <span class='ocrx_word' id='word_1_404' title='bbox 1395 2430 1497 2463; x_wconf 86' lang='lat' dir='ltr'><strong><em>hebd.</em></strong></span> <span class='ocrx_word' id='word_1_405' title='bbox 1553 2431 1610 2463; x_wconf 89' lang='grc' dir='ltr'><strong>ΙΙΙ.</strong></span> <span class='ocrx_word' id='word_1_406' title='bbox 1652 2432 1888 2473; x_wconf 75' lang='lat' dir='ltr'><strong><em>Desmoloyiam</em></strong></span> <span class='ocrx_word' id='word_1_407' title='bbox 1919 2430 2079 2463; x_wconf 67' lang='lat' dir='ltr'><strong><em>tractabit</em></strong></span> <span class='ocrx_word' id='word_1_408' title='bbox 2132 2438 2138 2455; x_wconf 77' lang='lat'>³</span> 
     </span>
    </p>
   </div>
   <div class='ocr_carea' id='block_1_19' title="bbox 292 2482 604 2524">
    <p class='ocr_par' dir='ltr' id='par_1_25' title="bbox 292 2482 604 2524">
     <span class='ocr_line' id='line_1_44' title="bbox 292 2482 604 2524; baseline 0.01 -11"><span class='ocrx_word' id='word_1_409' title='bbox 292 2482 393 2514; x_wconf 79' lang='lat' dir='ltr'><strong><em>semel</em></strong></span> <span class='ocrx_word' id='word_1_410' title='bbox 419 2494 479 2524; x_wconf 90' lang='lat' dir='ltr'><strong><em>per</em></strong></span> <span class='ocrx_word' id='word_1_411' title='bbox 502 2483 604 2516; x_wconf 91' lang='lat' dir='ltr'><strong><em>hebd.</em></strong></span> 
     </span>
    </p>
   </div>
  </div>
 </body>
</html>
