2138 2748
1148 208 1188 239 42

273 321 393 360 quater
427 325 487 357 per
520 313 622 346 hebd.
651 313 685 345 h.
714 311 781 344 def.
836 312 892 344 III.
941 311 1077 343 Cursum
1110 312 1371 352 microscopicum
1399 311 1566 342 tironibus
1596 310 1694 343 offert
1723 314 1843 353 quater
1870 321 1931 353 per
1954 310 2054 344 hebd.

272 369 306 401 h.
332 366 397 399 def.
441 363 802 397 PrivatissimeIV.
829 363 868 394 In
890 363 1032 394 instituto
1051 362 1362 403 phytopbgsiologico
1385 372 1523 404 operam
1547 362 1676 394 daturis
1700 362 1817 395 aderit.
2123 373 2138 404 .;

424 414 669 448 AUGUSTUS
693 414 755 445 DE
779 412 1095 450 MIASKOWSKI,
1119 413 1178 446 Dr.
1200 413 1237 445 P.
1260 413 1297 446 P.
1322 412 1362 444 O.
1399 413 1600 444 Privatim
1623 413 1648 446 Ι.
1684 413 1892 446 Oeconomiae
1909 413 2057 455 publicae

268 472 395 510 partem
426 468 605 508 generalem
640 465 778 497 docebit
808 465 839 497 d.
869 465 968 496 Mart.
992 464 1096 497 Merc.
1126 465 1198 496 Iov.
1222 463 1308 495 Ven.
1326 463 1368 495 .h.
1393 463 1433 495 V.
1480 463 1519 495 11.
1565 465 1753 496 Doctrinam
1767 464 1935 504 fructuum
1952 465 2056 506 publi·

273 529 381 551 corum
403 518 515 550 tradet
538 517 570 549 d.
595 517 693 548 Mart.
710 516 814 548 Merc.
831 516 903 548 Iov.
919 515 1005 546 Ven.
1023 515 1056 548 h.
1073 515 1132 548 IV.
1177 514 1470 547 Privatissime
1495 519 1534 547 et
1556 515 1688 558 gratis
1710 515 1768 548 ΙΙΙ.
1802 515 2056 548 Emercitationes

267 569 632 612 politico-oeconomicas
654 567 885 598 moderabitur
908 566 1011 597 semel
1034 576 1095 608 per
1117 566 1218 598 hebd.
1243 566 1275 599 h.
1299 565 1391 600 VIII.

425 618 623 651 IACOBUS
653 617 876 654 ROSANES,
911 617 970 649 Dr.
993 617 1028 649 P.
1052 617 1089 649 P.
1114 616 1154 649 O.
1206 617 1380 648 Publice
1411 617 1436 649 Ι.
1486 618 1740 649 Exercitationes
1761 617 1998 650 mathematicas
2023 618 2058 649 in

272 672 445 703 seminario
468 670 830 710 mathematico-physico
852 667 1084 699 moderabitur
1106 668 1210 699 semel
1232 679 1294 710 per
1315 668 1418 700 hebd.
1435 667 1467 698 h.
1485 667 1550 700 def.
1595 668 1792 700 Privatim
1815 668 1855 700 II.
1891 669 2058 701 Theon-iam

271 722 450 762 generalem
487 721 726 762 superficierum
763 723 792 751 et
828 720 984 752 linearum
1021 720 1157 760 duplicis
1195 723 1385 751 curvaturae
1423 722 1572 760 exponet
1610 723 1661 750 ter
1699 730 1761 761 per
1794 718 1896 752 hebd.
1931 718 1963 750 h.
1997 718 2057 752 XI.

275 773 330 804 111.
354 774 519 804 Elementa
542 772 682 803 theoriae
705 771 981 803 ‹ieter-minantium
1003 770 1116 802 tradet
1137 770 1191 801 bis
1215 781 1275 812 per
1296 769 1398 801 hebd.
1422 769 1455 802 h.
1482 769 1542 801 XI.

428 821 672 854 ADOLPHUS
709 821 904 857 ENGLER,
941 821 999 854 Dr.
1032 821 1069 854 P.
1097 822 1134 854 P.
1165 821 1206 854 O.
1243 820 1417 853 Publice
1441 821 1465 854 I.
1510 822 1549 852 In
1581 821 1665 852 horti
1698 821 1837 854 botanici
1863 821 2058 854 laboratorio

275 884 413 916 operam
443 873 573 905 daturis
604 873 722 905 aderit.
766 873 808 904 ΙΙ.
837 874 1028 904 Plantarum
1057 876 1148 904 extra
1175 874 1342 914 Europam
1371 874 1578 904 crescentium
1598 873 1825 914 geographiam
1848 876 1997 914 exponet
2025 871 2057 904 d.

274 927 356 957 Lun.
382 925 414 957 h.
438 924 495 956 IV.
544 924 741 955 Privatim
767 924 826 955 III.
871 924 1048 955 Botanicen
1063 925 1243 964 generalem
1266 923 1405 955 docebit
1427 922 1459 956 d.
1483 923 1567 956 Lun.
1591 923 1690 956 Mart.
1712 924 1784 956 Iov.
1807 923 1894 956 Ven.
1917 923 1950 956 h.
1968 922 2057 956 VIII.

275 976 334 1009 1V.
357 977 535 1008 Historiam
560 976 748 1017 plantarum
778 976 1084 1016 cryptogamicarum
1114 975 1317 1016 superiorum
1346 975 1672 1015 (archegoniatarum)
1695 978 1724 1006 et
1744 984 2059 1016 gymnospermamn

276 1031 425 1069 exponet
459 1027 490 1058 d.
525 1026 629 1059 Merc.
665 1030 698 1057 et
727 1025 798 1058 Sat.
828 1025 860 1058 h.
890 1025 933 1057 X.
979 1024 1266 1057 Privatissime
1290 1025 1331 1058 V.
1379 1025 1516 1057 Cursum
1545 1027 1807 1067 microscopicum
1839 1026 1988 1067 inprimis
2017 1026 2060 1058 ad

269 1079 493 1120 pharmaciam
515 1081 706 1119 spectantem
728 1077 880 1108 instituet
902 1076 934 1109 d.
958 1076 1028 1108 Sat.
1052 1076 1108 1108 vel
1130 1077 1234 1109 Merc.
1259 1077 1292 1110 b.
1315 1076 1366 1108 XI
1388 1081 1422 1108 et
1444 1076 1520 1109 XII.

429 1128 716 1160 THEODORUS
741 1127 926 1164 WEBER,
960 1128 1019 1160 Dr.
1046 1127 1082 1160 P.
1114 1128 1151 1160 P.
1183 1127 1223 1159 O.
1288 1128 1463 1160 Publice
1490 1128 1515 1160 I.
1564 1129 1816 1160 Emer-citationes
1852 1127 2060 1170 philosophas

274 1180 428 1211 instituet
465 1179 497 1212 d.
536 1180 639 1211 Merc.
679 1179 711 1212 h.
743 1179 802 1212 IV.
851 1179 1049 1210 Privatim
1083 1179 1124 1211 ΙΙ.
1170 1180 1320 1220 Logicam
1354 1184 1503 1220 exponet
1537 1178 1568 1212 d.
1608 1179 1690 1210 Lun.
1724 1178 1825 1210 Mart.
1862 1178 1934 1211 Iov.
1973 1177 2058 1211 Ven.

275 1232 308 1264 h.
332 1231 391 1263 IV.
440 1231 498 1262 111.
543 1232 592 1262 De
611 1231 816 1272 philosophia
839 1234 867 1262 et
889 1230 1043 1270 theologia
1071 1233 1101 1262 et
1123 1231 1161 1262 de
1183 1232 1309 1263 ratione
1331 1232 1415 1263 inter
1436 1234 1603 1272 utramque
1625 1231 1835 1263 intercedente
1858 1230 2005 1263 disseret
2026 1229 2058 1262 d.

275 1283 374 1315 Mart.
402 1286 436 1313 et
463 1283 533 1314 Iov.
561 1282 594 1314 h.
618 1281 660 1315 V.

427 1333 588 1365 BENNO
605 1332 849 1368 ERDMANN.
876 1332 934 1364 Dr.
957 1331 992 1363 P.
1014 1333 1051 1364 P.
1069 1331 1110 1364 Ο.
1144 1332 1319 1364 Publice
1335 1332 1360 1365 I.
1390 1333 1644 1365 Exercitationes
1660 1333 1869 1374 philosophas
1885 1333 1924 1365 de
1939 1332 2059 1374 legibus

273 1386 411 1417 rationis
433 1386 621 1426 sufficientis
645 1388 673 1416 et
696 1385 895 1416 causalitatis
918 1383 1148 1415 moderabitur
1171 1384 1203 1415 d.
1227 1384 1332 1417 Merc.
1357 1383 1389 1416 h.
1405 1383 1454 1415 IV
1471 1389 1505 1415 et
1522 1383 1563 1416 V.
1608 1383 1800 1415 Privatim
1817 1383 1859 1415 11.
1880 1384 2060 1416 Historiam

269 1437 491 1478 philosophiae
513 1436 700 1468 recentioris
724 1436 797 1467 inde
821 1446 841 1467 a
863 1445 946 1467 saec.
969 1434 1040 1466 XV
1058 1435 1227 1467 enarrabit
1250 1435 1282 1468 d.
1306 1435 1388 1468 Lun.
1413 1435 1512 1467 Mart.
1534 1436 1605 1466 Iov.
1623 1434 1709 1467 Ven.
1725 1435 1758 1468 b.
1777 1434 1836 1468 IV.
1871 1435 1930 1468 ΙΙΙ.
1960 1435 2058 1468 Theo·

275 1489 357 1519 riam
381 1488 570 1528 cognitionis
594 1491 686 1528 atque
708 1487 943 1527 metaphys-icen
967 1485 1104 1517 docebit
1127 1486 1157 1520 d.
1174 1486 1259 1519 Lun.
1283 1486 1381 1518 Mart.
1406 1486 1475 1518 Iov.
1499 1485 1533 1518 h.
1558 1486 1599 1518 V.

429 1537 710 1570 FRANCISCUS
741 1536 1044 1574 PBAETORIUS,
1075 1537 1133 1570 Dr.
1163 1538 1199 1570 P.
1226 1538 1262 1570 P.
1291 1537 1332 1571 O.
1382 1537 1555 1569 Publice
1579 1538 1604 1570 I.
1650 1537 1779 1579 Scripta
1805 1539 1934 1578 syriaca
1961 1537 2061 1570 inter-

275 1589 464 1631 pretabitur
487 1589 519 1621 d.
543 1589 641 1621 Mart.
666 1589 698 1620 h.
724 1588 765 1621 V.
810 1588 1004 1620 Privatim
1035 1588 1074 1621 ΙΙ.
1107 1589 1355 1620 Grammaticam
1384 1590 1511 1629 linguae
1534 1589 1844 1621 biblico-aromaticae
1867 1587 2006 1621 docebit
2028 1587 2060 1621 d.
2099 1619 2102 1623 ,

276 1641 373 1673 Mart.
409 1645 442 1672 et
471 1642 543 1673 Iov.
578 1640 609 1672 h.
645 1639 704 1672 IV.
750 1640 806 1672 III.
847 1641 990 1681 Linguae
1019 1640 1168 1672 arabicae
1203 1641 1354 1681 sgntaoein
1388 1639 1526 1672 docebit
1560 1639 1592 1673 d.
1626 1639 1730 1672 Merc.
1766 1644 1799 1671 et
1827 1639 1916 1673 Ven.
1942 1639 1976 1672 h.
2000 1639 2060 1672 IV.

276 1692 334 1723 IV.
382 1692 470 1733 Opus
492 1693 733 1733 grammaticum
757 1692 840 1733 quod
862 1691 1050 1722 inscribitur
1071 1691 1128 1730 „al
1149 1691 1334 1735 Mufassal“
1349 1690 1626 1732 interpretabitur
1643 1689 1674 1723 d.
1692 1689 1796 1722 Merc.
1809 1695 1852 1723 et.
1867 1689 1952 1724 Ven.
1970 1691 2002 1724 b.
2020 1690 2061 1724 V.

430 1750 690 1783 WALTERUS
708 1751 770 1782 DE
788 1750 954 1791 FUNKE,
979 1750 1038 1783 Dr.
1060 1750 1097 1783 P.
1120 1750 1157 1783 P.
1181 1750 1222 1783 O.
1270 1749 1444 1781 Publice
1467 1750 1492 1782 I.
1535 1749 1731 1792 Colloquium
1753 1751 1792 1782 de
1815 1748 1909 1782 rebus
1931 1751 2062 1783 rusticis
2086 1750 2090 1753 ’

277 1803 505 1834 moderabitur
539 1802 571 1835 d.
595 1802 681 1834 Ven.
706 1802 739 1835 h.
767 1801 827 1833 IV.
871 1801 1067 1833 Privatim
1098 1801 1138 1834 11.
1182 1802 1243 1833 Rei
1272 1802 1412 1833 misticae
1447 1802 1661 1833 oeconomiam
1694 1802 2062 1844 administrationemque

279 1854 417 1886 docebit
440 1854 471 1886 d.
489 1854 587 1887 Mart.
604 1854 637 1885 M
643 1864 707 1886 erc.
731 1854 803 1885 Iov.
830 1853 913 1886 Ven.
938 1852 1008 1884 Sat.
1032 1852 1065 1885 h.
1090 1852 1149 1885 IX.
1195 1852 1251 1884 ΙΙΙ.
1275 1853 1450 1884 Doctrinae
1472 1853 1521 1884 rei
1537 1853 1714 1893 pecuariae
1735 1855 1863 1893 partem
1882 1853 2062 1893 generalem

276 1905 388 1937 tradet
411 1905 442 1937 d.
472 1905 543 1937 Iov.
571 1909 603 1936 et
625 1904 709 1937 Ven.
732 1904 766 1937 h.
790 1904 866 1936 XII.

430 1955 628 1988 IACOBUS
666 1955 802 1992 CARO.
847 1955 905 1987 Dr.
938 1954 973 1987 P.
1010 1954 1045 1987 P.
1080 1954 1121 1987 O.
1183 1954 1359 1986 Publice
1388 1955 1413 1986 Ι.
1459 1955 1714 1987 Exercitationes
1749 1955 1919 1987 historicas
1957 1954 2061 1986 semel

279 2019 339 2050 per
365 2008 467 2040 hebd.
492 2007 579 2038 binis
603 2007 696 2038 horis
722 2006 889 2038 moderari
913 2010 1041 2049 perget.
1087 2005 1286 2037 Privatim
1308 2006 1349 2037 ΙΙ.
1383 2006 1562 2037 Historiam
1583 2006 1795 2037 universalem
1817 2006 1892 2037 inde
1914 2005 1952 2038 ab
1976 2015 2061 2038 anno

278 2059 365 2090 1648
386 2069 486 2100 usque
509 2059 551 2091 ad
573 2063 715 2100 tempora
737 2058 902 2099 regiminis
925 2058 1103 2089 Friederici
1124 2057 1166 2088 ΙΙ.
1191 2055 1360 2088 enarrabit
1383 2055 1415 2088 d.
1439 2056 1522 2089 Luu.
1547 2056 1644 2087 Mart.
1667 2057 1738 2089 Iov.
1764 2056 1848 2089 Ven.
1872 2056 1905 2089 h.
1930 2055 1973 2089 X.
2005 2055 2062 2089 111.

277 2111 455 2142 Historiam
477 2120 634 2142 annorum
655 2110 946 2141 recentissimorum
969 2109 1043 2140 inde
1065 2109 1104 2140 ab
1128 2118 1212 2140 anno
1237 2108 1325 2139 1850
1348 2106 1480 2150 tradere
1506 2112 1632 2149 perget.
2077 2147 2080 2155 Ι

431 2160 645 2192 CLEMENS
684 2159 959 2197 BAEUMKER,
989 2159 1047 2192 Dr.
1076 2159 1113 2192 P.
1141 2161 1178 2192 P.
1209 2159 1250 2192 O.
1294 2158 1469 2190 Publice
1498 2158 1524 2191 I.
1580 2159 1821 2200 Disputationes
1851 2159 2062 2201 philosophas

277 2213 431 2244 instituet
455 2212 486 2245 d.
510 2212 613 2244 Merc.
637 2212 670 2244 h.
694 2211 752 2244 IV.
801 2210 1002 2242 Privatim
1029 2211 1071 2243 11.
1107 2211 1257 2251 Logicam
1285 2210 1422 2242 docebit
1451 2209 1483 2242 d.
1507 2210 1590 2242 Lun.
1613 2209 1714 2242 Mart.
1736 2209 1807 2241 Iov.
1833 2209 1917 2242 ven.
1945 2209 1978 2241 h.
2001 2209 2062 2242 IV.

432 2262 771 2295 MAXIMILIANUS
795 2261 924 2300 LENZ,
952 2261 1010 2294 Dr.
1033 2261 1068 2294 P.
1092 2261 1129 2294 P.
1155 2261 1196 2294 O.
1242 2262 1414 2293 Publice
1437 2262 1463 2293 1.
1500 2262 1756 2294 Exercitationes
1778 2260 1946 2293 seminarii
1965 2261 2062 2293 histo-

279 2316 341 2347 rici
364 2314 594 2346 moderabitur
624 2314 655 2346 d.
679 2314 763 2345 Lun.
789 2313 820 2345 h.
846 2314 891 2345 VI
915 2318 948 2345 et
971 2314 1042 2346 VII.
1088 2312 1291 2345 Privatim
1314 2313 1355 2345 11.
1400 2313 1578 2344 Historiam
1600 2313 1674 2344 inde
1697 2313 1939 2345 wDiocletiano
1961 2322 2063 2354 usque

281 2368 323 2402 ad
351 2365 499 2397 Carolum
522 2366 648 2407 imperii
670 2366 787 2397 emitum
812 2365 981 2396 enarrabit
1005 2364 1037 2397 d.
1059 2364 1144 2397 Lun.
1162 2365 1260 2396 Mart.
1276 2364 1348 2396 Iov.
1364 2363 1450 2396 Ven.
1468 2363 1501 2394 h.
1514 2364 1572 2395 IX.
1603 2363 1661 2396 111.
1684 2363 1861 2395 Historiam
1883 2363 2062 2396 studiorum

280 2418 488 2449 humanorum
511 2417 744 2448 renascentium
767 2415 879 2447 tradet
901 2410 953 2447 bis
977 2426 1038 2458 per
1060 2415 1163 2448 hebd.
1186 2415 1220 2448 h.
1245 2415 1310 2447 def.
