2138 2748
666 235 701 262 A.
721 234 868 262 GELLII
881 234 962 262 LIB.
980 234 1006 262 I.
1027 234 1110 263 GAP.
1128 235 1212 263 XIX
1231 235 1296 263 XX.
1830 238 1867 269 13

719 336 855 373 LIBBO
876 336 1018 372 PRIMO
1041 336 1134 372 OAP.
1157 338 1232 372 XX.

240 395 390 440 σχήματα
410 402 570 438 qeometrae
592 400 756 439 appellant]
800 399 876 430 haec
908 399 939 429 in
973 399 1153 437 quibusdam
1181 401 1364 431 membranis
1392 402 1482 431 valde
1505 405 1576 432 sunt
1597 403 1752 433 mendosa.
1797 413 1866 434 nam
1884 407 1899 437 5
1921 407 1931 431 ι

90 440 116 470 ἀ
137 444 276 471 scematra
298 441 412 471 habent
434 440 460 470 a
480 443 655 481 geometrice.
692 442 802 473 erroris
824 451 918 472 causa
951 444 997 472 est
1031 442 1114 480 quod
1143 442 1259 473 Graece
1289 444 1432 482 scriptum
1467 447 1559 483 esset,
1593 443 1753 486 σχήματα.
1786 447 1866 477 vnde

89 484 178 514 etism
200 484 231 514 in
254 484 323 523 ipso
345 484 485 515 lemmate
507 493 568 514 vox
590 485 643 515 illa
665 485 761 524 deest,
785 484 811 515 ἀ
825 487 908 524 nota,
932 493 993 523 qua
1008 484 1231 523 significabatur
1245 487 1369 516 verbum
1385 487 1510 525 aliquod
1525 487 1673 518 Graecum
1689 488 1867 529 desiderari,

86 535 141 566 pro
163 535 237 557 vera
259 527 407 565 scriptura
429 528 460 557 in
484 528 628 558 orationis
651 530 822 558 contextum
844 530 968 566 recepta
991 530 1046 559 est.
1084 528 1128 558 sic
1152 529 1229 558 enim
1259 529 1302 558 ibi
1324 530 1415 567 vulgo
1444 530 1569 569 legitur3
1602 530 1678 570 Quid
1707 536 1867 570 geometrae

86 568 180 599 dicarit
202 568 324 599 Graeci:
345 570 428 599 uulla
449 579 506 600 nec
529 571 697 601 sententiae
719 579 775 600 nec
799 570 943 600 orationis
965 570 1069 600 habita
1090 571 1218 602 ratione.
1251 571 1365 601 echema
1387 574 1550 610 geometris
1571 574 1695 604 verbum
1711 575 1763 604 lib.
1779 583 1865 605 suum

88 613 144 642 est.
189 609 318 654 Σχῆμα,
341 613 440 651 iuquit
461 613 605 643 Euclides
629 613 725 652 [elem.
748 613 801 644 lib.
816 613 831 643 1
847 612 936 643 defin.
956 613 1015 652 14],
1040 611 1113 651 ἐστὶ,
1135 611 1170 644 τὸ
1193 611 1254 645 ὑπὸ
1275 612 1364 653 τινος,
1386 612 1408 655 ἠ
1429 614 1518 646 τινῶν
1539 611 1620 656 ὅρων
1635 614 1865 658 περιεχόμενον.

83 654 132 685 De
154 654 202 685 his
225 655 256 684 in
279 656 492 685 commentario
517 655 735 687 Censoriniano
758 655 898 694 ampliter
920 655 1126 686 disseruimus.

127 751 130 755 ⁴
237 714 356 747 Planum
379 716 439 754 eet]
463 716 597 754 apertius
619 715 695 746 haec
716 715 870 751 Euclides,
894 716 964 746 dum
987 715 1013 745 ἃ
1036 715 1224 755 superficiem
1246 717 1369 755 planam
1394 716 1420 746 ἀ
1442 718 1583 756 angulum
1606 718 1728 756 planum
1752 719 1865 750 definit.
1882 724 1896 753 ς
1915 722 1932 748 2

82 751 264 797 Ἐπίπεδος,
288 758 386 795 inquit
409 758 439 796 [l.
462 759 481 788 l.
507 758 535 797 7]
560 755 721 798 ἐπιφάνεια
743 757 823 789 ἐστὶν
844 755 911 799 ἥτις
934 756 966 796 ἐξ
989 757 1056 789 ἴσου
1077 761 1144 796 ταῖς
1167 754 1214 799 ἐφ’
1238 757 1352 800 ἑαυτῆς
1375 754 1512 797 εὐθείαις
1533 763 1642 794 κεῖται,
1669 760 1694 790 ἃ
1722 762 1750 800 [l.
1773 763 1793 792 l.
1818 762 1864 800 81:

79 794 251 837 Ἐπίπεδος
273 799 309 830 δὲ
330 799 428 841 γωνία
451 799 540 840 ἐστὶν,
573 798 595 842 ἡ
619 799 651 832 ἐν
674 799 819 842 ἐπιπέδῳ,
853 798 908 831 δύο
930 801 1082 842 γραμμῶν
1105 799 1285 843 ἁπτομένων
1306 798 1464 844 ἀλλήλων,
1497 803 1554 834 καὶ
1587 802 1630 845 μὴ
1661 799 1708 834 ἐπ’
1739 799 1865 841 εὐθείας

82 840 243 885 κειμένων,
265 841 343 884 πρὸς
365 838 506 885 ἀλλήλας
527 842 587 875 τῶν
608 842 760 886 γραμμῶν
782 842 890 881 κλίσις.

235 894 264 924 in
287 904 358 924 area
370 896 468 934 fiunt]
514 894 663 933 quaedam
684 896 891 934 membranae3
914 904 986 934 quae
1009 896 1038 925 in
1061 899 1147 925 ae'rea
1160 897 1247 934 fiunt.
1283 896 1382 926 facilis
1406 896 1432 926 ἀ
1454 906 1551 936 prona
1572 898 1708 928 mutatio.

237 944 364 975 Selicium
386 947 446 985 eat]
491 947 634 977 Euclides
656 948 748 986 paulo
772 948 860 977 aliter
883 947 980 985 [elem.
1003 947 1055 978 lib.
1078 947 1122 977 XI
1144 947 1206 978 def.
1233 948 1276 986 l]:
1300 945 1434 988 Στερέον
1457 949 1520 987 [sic]
1546 947 1609 979 ἐστι
1630 946 1666 979 τὸ
1689 948 1791 990 μῆκος
1809 949 1864 980 καὶ
1882 955 1896 983 5
1915 953 1932 979 3

81 985 199 1025 πλάτος
220 987 275 1018 καὶ
299 986 392 1030 βάτος
416 989 478 1028 [sic]
503 988 587 1030 ἔχον.

233 1043 323 1069 metae
344 1040 498 1079 trianguli]
543 1041 574 1070 in
596 1049 656 1070 vno
678 1049 740 1070 nou
763 1043 819 1079 est,
842 1044 940 1070 metae.
979 1041 1031 1070 alii
1054 1050 1174 1080 omnes3
1202 1039 1302 1082 meltae
1323 1043 1466 1081 trianyuli.
1502 1043 1624 1080 quidam
1647 1044 1747 1083 etiam,
1776 1045 1863 1074 trian·
1883 1055 1910 1081 p.
1929 1048 1963 1074 96

79 1082 174 1121 gulae.
206 1082 277 1112 hine
299 1082 420 1112 fuerunt
442 1083 494 1121 qui
516 1083 677 1121 legendum
700 1083 899 1122 eouiieerent3
922 1086 1011 1112 metae
1033 1084 1202 1122 triangulae.
1248 1084 1331 1122 quod
1353 1094 1413 1115 non
1437 1085 1585 1123 improbo.

230 1134 402 1174 pyramidas
424 1135 587 1174 appellant]
631 1133 771 1175 Πυραμίς
800 1133 878 1173 ἐστι,
906 1135 1006 1173 inquit
1033 1135 1176 1165 Euclides
1211 1135 1240 1173 [l.
1264 1136 1284 1166 1.
1311 1136 1371 1174 12],
1405 1135 1517 1178 σχῆμα
1551 1136 1676 1178 στερεὸν
1710 1136 1864 1175 ἐπιπέδοις

79 1173 307 1218 περιεχόμενον
329 1173 391 1207 ἀπὸ
414 1175 480 1214 ἑνὸς
503 1176 649 1208 ἐπιπέδου
671 1175 748 1218 πρὸς
771 1176 813 1209 ἐνὶ
835 1176 955 1219 σημείῳ
978 1186 1129 1215 συνεστως
1153 1178 1226 1216 [sic].

83 1233 117 1309 [Ε
180 1270 199 1302 d
238 1225 345 1300 κύιβοις
361 1229 438 1309 ]illi.]
489 1226 595 1271 Κύβος
629 1228 693 1260 ἐστὶ
725 1231 837 1271 σχῆμα
869 1227 1005 1270 στερεὸν,
1038 1226 1099 1260 ὑπὸ
1133 1227 1166 1267 ἕξ
1201 1230 1266 1268 [sic]
1302 1228 1504 1271 τετραγώνων
1536 1230 1610 1262 ἴσων
1641 1230 1864 1274 περιεχόμενον

118 1270 178 1301 ucli
202 1293 210 1302 .
233 1271 253 1301 l.
288 1293 296 1301 .
321 1272 359 1301 25
373 1294 380 1302 .

230 1322 452 1361 quadrantalia]
497 1323 598 1353 Latini
620 1325 720 1353 tamen
745 1332 811 1353 eam
833 1333 939 1354 vocem
962 1323 1004 1353 ita
1025 1324 1204 1362 plerumque
1226 1327 1374 1363 vsurpant
1394 1328 1428 1354 vt
1449 1325 1499 1354 vel
1520 1326 1661 1363 poculum
1684 1327 1733 1356 vel
1760 1327 1862 1364 poculi

80 1372 250 1394 mensuram
272 1374 328 1404 per
349 1366 430 1395 illam
454 1366 614 1404 accipiant.
648 1367 752 1404 itaque
775 1366 963 1405 quadrantale
985 1367 1097 1405 glossis
1121 1367 1162 1405 [p.
1182 1365 1259 1396 152b
1274 1367 1382 1405 Labh.]
1407 1370 1454 1397 cst
1476 1365 1635 1409 κεράμιον,
1659 1368 1685 1397 ἀ
1704 1366 1862 1410 κεράμυον

80 1406 189 1437 iisdem
213 1407 254 1446 [p.
281 1406 358 1438 105¹>
379 1409 487 1447 Labh.]
511 1419 634 1447 urceum,
658 1409 715 1446 (sie
738 1409 816 1439 enim
838 1410 920 1448 lego)
944 1410 1094 1448 amphora.

232 1462 272 1488 est
287 1460 408 1498 styma]
456 1460 606 1498 quaedam
628 1461 836 1499 membranam,
871 1459 984 1490 Graeca
997 1461 1110 1500 fiyura.
1159 1461 1214 1491 sed
1247 1461 1305 1491 hoc
1340 1470 1377 1491 ex
1411 1470 1457 1500 eo,
1493 1461 1576 1499 quod
1608 1462 1721 1492 librarii
1754 1472 1858 1493 vocem
1877 1468 1891 1497 ξ
1911 1466 1929 1492 4

80 1498 177 1542 κύβος
200 1502 372 1542 omiserant,
397 1502 422 1532 ἀ
445 1512 500 1533 suo
525 1503 583 1533 sibi
605 1512 688 1533 more
711 1503 859 1533 Graecum
883 1503 991 1533 deesse
1013 1504 1137 1533 verbum
1160 1506 1350 1534 notauerant.

228 1553 337 1583 alueolo
349 1554 473 1593 luditur.]
505 1555 550 1584 ita
562 1557 736 1584 constanter
747 1555 913 1593 pleraeque
925 1555 1125 1585 membranae.
1149 1556 1180 1584 in
1196 1556 1375 1592 quibusdam
1387 1558 1487 1585 tamen
1500 1558 1561 1594 est;
1573 1556 1655 1585 alueo
1667 1556 1780 1586 luditur.
1805 1557 1860 1587 sed

77 1595 153 1625 illud
174 1596 299 1626 verbum
323 1605 359 1626 ea
382 1598 442 1635 (ea)
465 1597 496 1626 in
518 1598 642 1627 notione
664 1600 783 1627 veteres
805 1600 972 1636 posuerunt
994 1598 1191 1636 frequentius.
1237 1598 1342 1628 Cicero
1367 1598 1405 1628 de
1427 1598 1537 1628 finibus
1561 1599 1597 1637 [V
1620 1598 1639 1637 ξ
1663 1599 1731 1638 56];
1765 1599 1859 1629 alueo-

77 1637 134 1667 lum
152 1647 272 1677 poscere
295 1643 344 1669 aut
366 1649 503 1679 quaerere
525 1641 686 1679 quempiam
708 1641 813 1670 ludum.
858 1641 1018 1670 Petronius
1045 1642 1079 1679 [c.
1105 1641 1155 1680 80]
1180 1641 1357 1679 simpliciter
1378 1642 1511 1671 tabulam
1534 1642 1685 1671 nominat:

287 1689 422 1720 Calculus
445 1692 474 1720 in
496 1690 592 1720 tabula
615 1690 707 1721 nobile
729 1691 804 1721 ducit
825 1701 907 1730 opus.

81 1740 218 1770 calculum
243 1741 320 1771 enim
343 1745 434 1771 vocat
456 1744 602 1772 tesseram
628 1751 688 1780 qua
710 1742 837 1772 luditur:
861 1745 893 1772 vt
914 1743 1048 1772 Lucilius
1072 1743 1133 1781 [lib.
1157 1743 1227 1773 XIV
1250 1743 1286 1773 fr.
1311 1744 1327 1772 7
1352 1744 1391 1774 M.
1414 1753 1443 1774 v.
1467 1744 1528 1773 406
1552 1753 1599 1782 sq.
1622 1744 1680 1783 L.],
1702 1745 1816 1776 calcem.

282 1792 495 1866 ἔααηιῗοὴίαηι
519 1794 580 1823 licet
601 1793 680 1831 haec,
705 1795 830 1832 inquam,
853 1794 1048 1832 alueolumque
1064 1797 1169 1833 putare

312 1839 321 1865 t
343 1846 377 1865 ca
389 1845 443 1865 ces.

81 1886 125 1916 sie
145 1886 293 1917 Martialis
318 1886 399 1927 [XIV
424 1888 483 1926 17].

284 1938 339 1968 Hic
360 1939 428 1968 milii
449 1938 560 1969 bisseno
582 1942 747 1969 numeratur
769 1942 876 1968 tessera
894 1942 1009 1977 puncto.

330 1981 462 2011 Calculus
484 1982 528 2012 hic
549 1983 660 2021 yemino
683 1982 806 2011 discolor
827 1982 905 2012 hoste
922 1983 1008 2020 perit.

83 2030 188 2062 eadem
210 2031 302 2070 igitur
324 2035 404 2071 sunt,
438 2033 563 2062 calculus
585 2036 702 2071 tessera,
725 2033 796 2062 item
819 2032 915 2062 tabula
939 2035 969 2063 et
991 2034 1126 2064 alueolua.

238 2092 399 2131 appellatae
420 2090 534 2134 κύβοι.]
568 2093 639 2122 vide
661 2093 846 2122 Macrobium
869 2093 946 2123 libro
970 2094 983 2123 Ι
1007 2094 1042 2132 [e.
1067 2095 1085 2123 5
1109 2094 1129 2133 ἓ
1153 2095 1170 2124 9
1195 2095 1252 2132 sq.]
1282 2095 1313 2124 in
1342 2094 1489 2124 somnium
1519 2094 1679 2132 Scipionis.
1719 2095 1855 2132 glossae:

80 2134 222 2173 Tessera3
244 2132 340 2176 κύβος
364 2136 403 2174 [p.
429 2134 531 2165 184ἃῦ
554 2135 663 2175 Labb].
697 2136 805 2165 iisdem
839 2136 911 2165 alibi
945 2133 1041 2178 κύβος
1072 2140 1119 2167 est
1141 2138 1206 2167 alea
1241 2137 1281 2176 [p.
1310 2137 1386 2166 112⁸
1408 2137 1454 2175 L.]
1500 2136 1581 2174 Alea,
1610 2134 1729 2175 κόττος,
1759 2134 1854 2178 κύβος

80 2175 191 2219 κυβεία
215 2175 256 2219 [p.
284 2179 338 2207 10³
359 2178 416 2217 L.],
440 2178 475 2218 ἀ,
497 2177 660 2220 κυβευτής,
684 2179 808 2217 aleator,
832 2177 966 2220 κυβεύω,
989 2180 1082 2210 aleam
1104 2180 1171 2210 ludo
1195 2181 1234 2218 [p.
1262 2181 1338 2209 112³
1360 2180 1406 2218 L.]
1442 2179 1497 2209 sed
1520 2179 1558 2209 de
1581 2179 1628 2209 his
1652 2180 1734 2210 alibi.

234 2238 388 2277 aequaliter
410 2239 439 2268 iu
460 2240 540 2278 sese]
584 2248 661 2268 vnus
683 2239 760 2268 liber
782 2239 896 2268 calamo
921 2242 1076 2278 exaratus3
1099 2239 1284 2279 aequabiliter
1304 2241 1333 2269 in
1355 2249 1417 2269 sese
1438 2240 1565 2268 soluitur.
1600 2240 1725 2278 antiqua
1740 2240 1851 2277 editio3
1869 2245 1884 2274 fi
1903 2244 1920 2269 5

82 2279 266 2320 aequabiliter
287 2281 317 2310 in
338 2290 369 2310 se
390 2281 548 2312 resoluitur.
582 2284 740 2319 vtrumque
764 2281 834 2311 ferri
857 2284 967 2320 potest.
1002 2282 1076 2312 illud
1103 2283 1133 2312 in
1157 2283 1338 2321 quibusdam
1360 2282 1541 2312 membranis
1562 2291 1623 2311 non
1643 2283 1722 2312 bene
1742 2283 1850 2321 habet3

82 2323 210 2361 triennio,
233 2333 300 2362 pro,
323 2324 421 2361 ternio,
444 2324 515 2354 item
540 2323 544 2365 1
568 2325 740 2363 terplicatur,
763 2333 829 2363 pro⁷
852 2325 1018 2363 triplicatur.
1054 2325 1080 2354 ἃ,
1112 2329 1234 2364 terrena,
1268 2335 1334 2364 pre,
1367 2329 1408 2354 ter
1440 2328 1528 2354 terna.
1566 2325 1678 2355 rectius
1705 2326 1795 2364 illud3
1829 2330 1853 2355 et
1871 2337 1898 2362 p.
1917 2330 1950 2355 97

82 2375 212 2396 numerus
235 2367 332 2404 ternio,
357 2375 445 2404 quam
469 2367 551 2405 quod
572 2368 662 2406 vulgo
687 2367 798 2406 editur;
828 2368 875 2406 qui
898 2377 1038 2397 numerus.
1086 2370 1120 2398 vt
1153 2369 1204 2398 sit:
1239 2368 1315 2407 quod
1347 2372 1371 2397 et
1404 2368 1472 2397 luna
1505 2366 1600 2397 orbem
1633 2377 1714 2397 suum
1747 2369 1851 2407 lustret,

81 2411 184 2447 septem
206 2412 231 2438 et
252 2410 348 2447 viginti
371 2409 478 2449 diebus,
502 2413 526 2439 et
547 2419 679 2440 numerus
701 2411 800 2447 ternio,
824 2411 872 2449 qui
894 2409 1004 2440 Graece
1032 2410 1135 2442 dicitur
1159 2409 1253 2451 τριὰς,
1282 2410 1442 2440 tantundem
1471 2410 1577 2448 efficiat
1606 2411 1634 2439 in
1663 2410 1743 2442 cubo.
1777 2412 1851 2441 nnti-

84 2451 229 2488 quissima
252 2452 361 2491 editio3
383 2453 431 2491 qui
454 2453 473 2482 ὰ
494 2453 618 2483 numeria
639 2453 737 2482 ternio.
771 2453 914 2491 pessime.
