2138 2748
521 260 548 287 e
914 230 1006 281 ...¹2

243 333 524 367 FRANCISCUS
540 333 841 371 PRAETORJUS,
866 334 924 367 Dr.
940 334 977 366 P.
992 333 1028 366 P.
1045 333 1086 367 O.
1114 333 1306 366 Privatim
1331 333 1355 366 1.
1385 334 1526 375 Linyuae
1541 333 1699 366 Arabicae
1712 344 1868 375 yramma-

91 386 186 419 ticam
208 384 346 418 docebit
369 385 401 417 d.
428 385 526 418 Mart.
549 385 653 418 Merc.
675 386 747 418 Iov.
770 385 804 419 h.
820 385 878 417 lv.
923 385 963 417 ll.
1009 385 1140 417 Scholas
1164 385 1315 426 Syriacas
1339 385 1548 417 continuabit
1572 384 1604 418 d.
1628 385 1726 418 Mart.
1749 391 1783 417 et
1798 385 1869 417 Iov.

92 435 125 468 h.
152 435 192 469 V.
235 436 410 468 Publice
432 436 490 470 111.
534 437 662 469 Harii-ii
686 438 828 469 Durram
855 435 1130 478 interpretabitur
1153 436 1185 469 d.
1210 436 1312 468 Merc.
1336 436 1368 468 h.
1396 435 1434 469 V.

245 499 502 533 WALTERUS
520 500 581 532 DE
599 499 765 542 FUNKE,
788 499 847 533 Dr.
870 500 906 533 P.
929 499 966 534 P.
989 499 1030 533 O.
1068 499 1240 532 Publice
1263 501 1288 533 I.
1319 501 1485 532 Theoriam
1508 502 1556 532 rei
1575 502 1714 532 rusticae
1736 502 1809 533 inde
1831 502 1869 534 ab

92 551 252 584 Albrechti
269 551 374 584 Tkaer
396 555 497 584 aetate
511 552 660 584 historice
676 551 860 594 explicabit
876 550 908 584 d.
925 551 1023 584 Mart.
1040 550 1072 583 h.
1086 551 1144 584 XI.
1167 551 1340 583 Publice
1355 551 1396 583 11.
1421 552 1638 583 Excursiones
1653 552 1870 585 oeconomicus

91 603 126 635 in
133 603 272 645 praedia
283 604 405 635 rustica
417 606 445 635 et
457 603 740 636 demonstrationes
748 604 912 645 practicae
925 602 1077 634 instituet
1090 602 1209 634 diebus
1223 608 1255 634 et
1268 602 1361 634 horis
1375 602 1584 635 definiendis.
1606 603 1701 634 Priv
1710 603 1804 634 atim
1814 602 1870 635 111.

91 652 279 686 Doctrinmn
305 654 344 686 de
371 654 602 696 computatione
631 657 660 686 et
687 654 848 686 taaeatione
874 654 909 686 in
935 654 1029 686 rebus
1056 655 1186 686 rusticis
1212 653 1389 686 adhibenda
1412 654 1570 685 adiunctis
1593 654 1871 686 exercitationibus

93 703 230 736 docebit
253 703 274 736 d
314 704 384 738 Iov.
403 704 486 738 V·en.
507 703 577 736 Sat.
601 704 634 737 h.
661 704 749 736 V111.
793 704 988 737 Privatim
1013 703 1071 737 lV.
1116 705 1326 746 Disciplinam
1350 706 1398 736 rei
1419 704 1552 736 bovinae
1575 703 1685 736 tradet
1714 704 1746 737 d.
1772 704 1869 737 Mart.

97 755 131 788 h.
153 755 236 788 vm
258 758 292 787 et
314 755 346 789 d.
370 755 473 788 Mero.
491 756 524 788 h.
548 755 628 787 VIII
652 760 685 787 et
707 755 740 788 h.
763 755 822 788 XI.

110 818 114 825 “
156 824 157 827 ’
218 813 439 847 'IACOBUS
470 814 605 853 CARO,
643 815 698 848 Dr.
730 815 766 848 P.
803 815 837 848 P.
873 814 913 848 Ο.
974 815 1168 847 Privatim
1198 815 1222 847 1.
1279 815 1454 847 Historiam
1487 815 1698 847 universalem
1727 817 1797 847 aevi
1822 827 1870 848 re-

89 866 307 904 formationis,
331 867 415 909 quod
436 869 584 906 vocatur,
615 866 782 899 enarrabit
805 871 926 909 quater
949 877 1009 908 per
1035 866 1135 898 hebd.
1161 866 1193 899 h.
1217 867 1258 899 X.
1302 866 1343 899 11.
1389 867 1436 898 De
1461 866 1708 898 revolutionibus
1729 866 1871 908 politicis

90 927 176 951 anno
198 916 287 950 1848
319 917 539 950 incohantibus
573 917 717 950 disseret
750 917 854 949 semel
887 928 949 960 per
982 916 1083 950 hebd.
1118 917 1150 949 h.
1175 916 1219 948 X.
1267 916 1560 949 Privatissime
1590 923 1627 948 et
1655 916 1786 959 gratis
1813 917 1871 950 111.

91 964 346 1002 Effisrcitauonee
368 968 538 1001 historicas
565 968 667 1000 semel
690 979 751 1011 per
767 968 868 1001 hebd.
892 968 979 1000 binis
1003 968 1096 1000 horis
1123 967 1234 1000 adhuc
1259 967 1458 999 definiendis
1482 967 1647 999 moderari
1671 974 1798 1011 perget.

245 1030 458 1064 CLEMENS
496 1031 769 1070 BAEUMKER,
810 1032 868 1065 Dr.
897 1032 933 1065 P.
961 1033 998 1065 P.
1029 1031 1069 1066 O.
1114 1033 1185 1064 Suo
1209 1037 1359 1074 tempore
1383 1031 1520 1064 scholae
1543 1031 1717 1064 indicabit.

244 1095 488 1128 ADOLPHUS
524 1095 752 1132 GASPARY,
788 1096 845 1128 Dr.
879 1096 916 1128 P.
948 1095 985 1128 P.
1020 1095 1061 1129 O.
1126 1096 1300 1127 Publice
1327 1097 1352 1128 Ι.
1418 1096 1671 1127 Εωονείιαίίοπω
1707 1097 1873 1128 seminarii

91 1147 304 1180 Romanensis
333 1147 462 1179 Italicas
490 1146 720 1179 moderabitur
748 1147 780 1180 d.
804 1146 874 1179 Sat.
903 1147 935 1179 h.
959 1146 991 1178 X
1020 1152 1052 1178 et
1073 1146 1131 1178 XI.
1176 1146 1374 1178 Privatim
1405 1147 1446 1179 11.
1490 1146 1668 1178 Historiam
1696 1147 1872 1178 litterarum

92 1197 408 1241 Erancoyallicarum
430 1199 551 1231 saecuti
571 1199 654 1231 XVI
674 1198 832 1230 tractabit
856 1198 888 1230 d.
912 1197 994 1230 Lun.
1020 1198 1118 1230 Mart.
1141 1198 1212 1230 Iov.
1237 1197 1322 1230 Veu.
1345 1197 1378 1230 h.
1401 1197 1477 1229 XII.

244 1261 573 1295 THEODERICUS
597 1261 850 1298 SCHAEFER,
875 1261 934 1294 Dr.
957 1262 993 1295 P.
1016 1262 1052 1295 P.
1078 1261 1118 1294 O.
1163 1260 1335 1293 Publice
1360 1261 1383 1293 1.
1430 1262 1682 1293 Eaeercitationes
1704 1262 1872 1294 seminarii

95 1314 239 1347 historico·
263 1313 430 1346 moderari
459 1318 578 1356 perget
602 1313 634 1346 d.
662 1313 746 1346 Lun.
775 1313 807 1346 h.
836 1314 866 1344 V
889 1318 922 1344 et
949 1313 1004 1346 VI.
1062 1313 1255 1345 Privatim
1284 1313 1325 1345 11.
1368 1313 1546 1344 Historiam
1571 1313 1747 1353 yeneralem
1778 1313 1874 1345 medii

94 1366 167 1399 mi
186 1364 298 1397 tradet
321 1371 441 1408 quater
463 1375 524 1407 per
547 1364 647 1398 hebd.
671 1364 703 1398 d.
727 1365 810 1398 Lun.
838 1364 936 1397 Mart.
959 1365 1030 1398 Iov.
1054 1363 1140 1397 Ven.
1164 1364 1196 1396 h.
1220 1363 1279 1396 IX.

200 1441 203 1444 ·
244 1422 472 1456 IOSEPHUS
495 1423 715 1461 PARTSCH,
740 1423 798 1457 Dr.
813 1423 850 1456 P.
866 1423 902 1457 P.
921 1422 960 1456 O.
988 1423 1161 1455 Publice
1177 1423 1200 1455 Ι.
1223 1423 1476 1455 Eaeercitationes
1492 1423 1658 1454 seminarii
1670 1423 1874 1464 qeoyrapkici

95 1473 327 1508 moderabitur
348 1474 435 1507 binis
459 1486 520 1517 per
546 1474 646 1508 hebd.
670 1474 702 1507 h.
727 1473 792 1508 def.
842 1474 1038 1506 Privatim
1065 1474 1107 1507 H.
1150 1474 1370 1516 Geoyraplziae
1393 1473 1544 1515 physicae
1565 1473 1724 1514 generalis
1747 1478 1872 1515 partem

90 1528 235 1569 priorem
257 1527 548 1568 cosmoyrapbicam
570 1525 682 1558 tradet
705 1525 737 1558 d.
766 1525 850 1557 Lun.
874 1525 972 1558 Mart.
994 1526 1065 1558 Iov.
1088 1525 1170 1556 Ven.
1199 1525 1233 1557 h.
1263 1524 1321 1557 IX.

178 1587 179 1591 ’
246 1585 496 1619 EDUARDUS
521 1585 694 1623 MEYER,
724 1585 782 1618 Dr.
805 1586 842 1618 P.
866 1585 900 1616 P.
925 1583 965 1618 Ο.
1010 1584 1184 1616 Publice
1207 1584 1231 1616 1.
1266 1585 1520 1616 Eaeercitationes
1543 1585 1710 1615 seminarii
1731 1584 1875 1616 historici

95 1637 326 1670 moderabitur
349 1637 466 1670 d.Iov.
484 1636 574 1669 h.VI
592 1642 626 1668 et
645 1636 719 1669 VII.
756 1636 951 1668 Privatim
967 1637 1008 1668 H.
1044 1637 1222 1668 Historiam
1243 1635 1454 1667 universalem
1478 1639 1650 1676 temporum
1673 1636 1873 1676 antiquorum

97 1689 265 1721 enarrabit
288 1688 319 1721 d.
346 1687 430 1721 Lun.
455 1687 553 1720 Mart.
578 1687 647 1720 lov.
671 1686 757 1720 Ven.
786 1687 818 1720 b.
842 1686 901 1719 XI.
952 1686 1148 1718 Privatim
1179 1686 1235 1718 111.
1280 1686 1457 1717 Historiam
1481 1686 1690 1727 antiquiorem
1714 1686 1824 1717 ltaliae
1846 1690 1874 1717 et

94 1738 215 1772 Romae
237 1744 351 1782 (usque
375 1739 416 1770 ad
438 1738 550 1771 bellum
572 1739 704 1780 Pyrrhi]
726 1738 886 1771 tractabit
909 1738 940 1769 d.
964 1737 1068 1769 Mero.
1093 1742 1126 1768 et
1147 1738 1218 1769 Sat.
1236 1736 1267 1769 h.
1285 1736 1342 1768 XI.

247 1796 481 1831 EUGENIUS
505 1795 759 1835 KOELBING,
794 1796 852 1830 Dr.
874 1796 911 1829 P.
935 1795 972 1829 P.
996 1795 1037 1829 O.
1086 1795 1256 1828 Publice
1288 1795 1310 1828 1.
1366 1795 1457 1828 Verbi
1485 1796 1611 1836 Anylici
1636 1797 1875 1836 yrammaticam

96 1850 280 1883 historicam
302 1849 414 1881 tradet
437 1849 468 1882 d.
484 1850 555 1881 Iov.
573 1848 604 1880 h.
621 1847 664 1881 X.
709 1847 904 1881 Privatim
928 1847 967 1880 11.
996 1847 1116 1881 Selecta
1139 1848 1246 1889 capita
1267 1858 1284 1879 e
1306 1847 1386 1879 libro
1410 1847 1575 1888 Zupitzae,
1599 1848 1652 1888 qui
1676 1846 1877 1878 inscribitur:

68 1894 70 1897 ’
96 1901 162 1934 Alt-
190 1901 258 1934 uud
284 1900 556 1942 mittetenyliscbes
589 1900 813 1940 Uebunysbuck
841 1898 1116 1941 interpretabitur
1146 1898 1177 1930 d.
1201 1899 1272 1929 Iov.
1298 1897 1328 1929 h.
1354 1897 1403 1929 XI
1427 1904 1460 1928 et
1483 1896 1515 1929 d.
1540 1896 1624 1929 Ven.
1650 1897 1680 1928 h.
1707 1896 1736 1927 X
1762 1902 1795 1928 et
1819 1896 1877 1929 XI.

94 1950 154 1984 111.
177 1950 404 1985 Nam-ationem
426 1950 631 1990 Islandicam,
655 1961 734 1992 quae
750 1949 933 1982 inscribitur
949 1950 1116 1991 Fridpjoss
1134 1959 1214 1990 saya
1238 1948 1499 1980 commilitonibus
1523 1948 1682 1988 leyendam
1709 1939 1898 1989 proponet'

99 2002 131 2036 d.
153 2003 224 2036 Iov.
247 2002 280 2036 h.
305 2001 354 2035 ‚VI
382 2007 416 2033 et
440 2001 511 2033 Vll.
561 2001 852 2033 Privatissime
887 2006 927 2032 et
960 2000 1093 2043 gratis
1129 1998 1185 2031 lv.
1236 1999 1410 2032 Seminarii
1443 1999 1569 2039 Anylici
1602 1998 1879 2030 exercitationibus

98 2053 246 2098 praeerit
267 2053 298 2085 d.
322 2051 408 2084 Ven.
431 2050 464 2086 h.
488 2051 537 2084 VI
561 2059 593 2084 et
618 2051 691 2084 V11.

252 2111 485 2146 GEORGIUS
502 2110 724 2148 HUEFFER,
748 2111 807 2144 Dr.
823 2110 859 2144 P.
876 2110 911 2142 P.
930 2110 970 2143 O.
1018 2110 1215 2142 Privatim
1238 2109 1263 2142 1.
1308 2109 1484 2141 Historiam
1509 2109 1700 2140 Germaniae
1723 2108 1882 2139 tractabit

97 2165 172 2197 inde
194 2174 215 2197 a
238 2163 352 2197 Garolo
375 2163 492 2204 Mayno
514 2173 613 2205 usque
635 2163 679 2194 ad
699 2163 932 2203 interregnum,
966 2162 1049 2203 quod
1077 2165 1207 2201 vocant,
1242 2161 1274 2192 d.
1298 2160 1382 2193 Lun.
1405 2160 1504 2192 Mart.
1528 2160 1597 2191 Iov.
1625 2158 1707 2191 Ven.
1732 2159 1764 2190 h.
1789 2158 1878 2191 VIII.

98 2214 388 2247 Privatissime
412 2219 452 2245 et
474 2213 608 2256 gratis
637 2213 679 2245 II.
723 2213 975 2244 Exercitationes
998 2213 1168 2246 historicas
1192 2211 1422 2243 moderabitur
1445 2210 1496 2242 bis
1519 2221 1580 2252 per
1603 2209 1704 2242 hebd.

251 2272 514 2306 LUDOVICUS
531 2272 719 2309 ELSTER,
746 2272 802 2304 Dr.
818 2271 853 2304 P.
871 2271 906 2304 P.
925 2271 964 2305 O.
990 2271 1186 2302 Privatim
1203 2271 1228 2302 Ι.
1251 2272 1438 2302 Doctrinam
1454 2270 1492 2301 de
1508 2280 1542 2301 re
1561 2269 1691 2310 publica
1703 2269 1882 2309 ⁴vener-alem

102 2330 221 2370 quater
244 2335 306 2368 per
328 2324 428 2357 hebd.
457 2324 617 2356 tractabit
638 2323 670 2356 h.
695 2322 761 2356 def.
812 2323 851 2355 ll.
901 2324 1089 2355 Docti-inam
1122 2331 1229 2354 rerum
1262 2322 1304 2353 ad
1337 2322 1457 2352 reditus
1487 2320 1633 2361 publicos
1656 2320 1881 2361 pertinentium

101 2376 214 2421 quinia
243 2386 304 2418 per
331 2375 434 2408 hebd.
463 2374 591 2407 scholis
621 2374 759 2407 docebit
787 2374 819 2406 h.
847 2373 913 2405 def.
962 2372 1245 2405 Privatissime
1280 2378 1318 2404 et
1347 2371 1479 2414 gratis
1512 2371 1569 2404 111.
1623 2371 1878 2402 Exercitationes

101 2427 460 2468 oeconomico-politicas
484 2426 712 2458 moderabitur
737 2426 823 2456 binis
848 2435 907 2467 per
930 2423 1030 2455 hebd.
1054 2424 1086 2456 h.
1111 2423 1177 2455 def.

1679 2478 1710 2502 3.
