2138 2748
1179 279 1199 309 8

300 385 405 416 Marte
435 386 503 415 tam
530 383 688 414 audacter
717 384 880 414 auxerunt
910 382 1063 413 codicum
1091 381 1126 413 D
1146 384 1179 413 et
1202 381 1237 413 E
1264 382 1403 420 scribae,
1434 384 1470 413 ut
1498 382 1532 413 hi
1562 382 1627 414 duo
1657 382 1733 414 libri
1756 385 1859 416 testes
1883 383 1984 415 hodie
2008 383 2075 416 sint

302 435 452 467 omnium
475 434 701 466 incertissimi.
745 433 892 466 Alterius
916 433 1049 473 generis
1066 433 1219 465 codicum
1241 433 1360 465 melior
1383 435 1435 465 est
1453 432 1483 464 G
1504 443 1603 474 quam
1619 433 1704 465 HK
1710 433 1744 464 D
1759 433 1806 475 (in
1821 437 1918 475 parte
1932 435 2074 475 minore)

301 486 340 517 L.
385 485 484 517 Modo
519 486 593 523 hoc,
628 485 730 516 modo
765 485 846 516 illud
869 494 973 525 genus
1003 486 1060 517 aut
1086 494 1200 516 veram
1227 486 1285 516 aut
1307 494 1328 515 a
1348 493 1428 516 vera
1449 484 1588 524 propius
1617 487 1780 517 remotam
1803 485 1982 519 lectionem
2005 496 2075 519 ser-

300 537 397 569 vavit.
442 536 544 568 Multa
566 536 646 568 vitia
669 546 744 568 cum
766 536 898 576 utrique
921 536 1036 576 generi
1052 535 1244 567 communia
1259 535 1337 573 sint,
1360 535 1534 576 utriusque
1549 536 1682 576 generis
1706 537 1886 577 archetypa
1908 537 1952 570 ad
1973 547 2075 570 unum

301 588 489 628 exemplum
514 588 647 619 saeculo
671 587 849 619 undecimo
872 586 1041 627 antiquius
1065 589 1098 618 et
1120 586 1337 618 multifariam
1360 588 1552 627 corruptum
1581 587 1691 619 redire
1720 590 1986 620 consentaneum
2013 591 2075 621 est.

452 648 582 679 Desunt
620 647 689 679 iota
718 643 934 687 ‘subscripta’
970 646 1085 678 omnia
1122 646 1157 678 in
1192 645 1526 678 ABODEFGHKL.
1577 647 1740 679 Versuum
1773 648 1983 680 Damocratis
2016 648 2075 681 tri-

301 701 484 731 metrorum
504 698 623 730 divisio
641 698 675 730 in
691 698 799 730 isdem
815 698 906 730 nulla
923 699 984 737 est,
1007 698 1073 729 nisi
1089 698 1146 729 ubi
1170 697 1375 729 contrarium
1399 697 1580 730 adnotabo.
1626 698 1768 730 Codices
1786 698 2077 732 ABOEFGHKL

301 753 333 782 et
354 750 528 782 Parisinos
557 750 652 782 2158.
676 750 760 781 2156
794 749 829 780 in
862 759 974 780 meum
1006 759 1105 781 usum
1139 750 1281 781 contulit
1313 749 1502 790 Leopoldus
1538 749 1645 789 Cohn,
1680 750 1830 782 codicem
1852 749 1888 782 D
1911 750 2076 784 Ricardus

299 802 545 839 Reitzenstein;
570 802 690 833 horum
707 801 797 832 enim
812 800 960 832 virorum
977 800 1251 832 doctissimorum
1268 810 1371 841 opera
1393 803 1492 842 atque
1515 801 1714 834 liberalitate
1737 804 1944 843 quantopere
1966 803 2078 835 studia

301 863 376 886 mea
391 853 505 885 adiuta
524 853 602 890 sint,
621 852 732 883 dicere
756 851 810 884 vix
838 861 988 892 possum.
1032 852 1080 883 De
1104 851 1230 892 aliquot
1256 862 1413 884 versuum
1431 852 1467 884 in
1485 853 1656 885 codicibus
1674 854 1853 886 Marcianis
1870 856 2078 887 servatorum

300 905 444 936 lectione
467 904 568 936 dubia
595 903 772 935 certiorem
802 912 909 943 nuper
936 912 989 934 me
1018 902 1096 934 fecit
1123 903 1370 935 Maximilianus
1394 904 1494 942 Treu,
1523 904 1602 936 dum
1631 905 1720 946 apud
1742 905 1888 938 Venetos
1917 907 2075 945 moratur,

299 956 444 988 amicum
467 966 532 996 quo
556 965 609 986 me
631 954 847 995 prosequitur
869 953 1018 986 animum
1042 955 1106 986 hoc
1130 965 1217 987 novo
1240 955 1436 987 testimonio
1459 955 1643 996 professus.

138 1000 280 1027 Editiones

179 1048 280 1074 Aldina
452 1041 643 1072 Editionem
659 1040 846 1081 principem
863 1039 1054 1071 Aldinam
1072 1040 1127 1080 qui
1143 1050 1234 1072 anno
1256 1040 1337 1072 1525
1355 1040 1492 1079 curavit,
1511 1040 1557 1072 ita
1576 1050 1658 1073 usus
1677 1044 1729 1074 est
1744 1042 1826 1082 ipsis
1851 1042 2023 1075 codicibus
2045 1041 2078 1074 L

299 1094 332 1124 et
354 1091 395 1131 Ε,
420 1092 486 1123 nisi
509 1091 623 1124 omnia
646 1091 775 1130 fallunt,
797 1093 834 1123 ut
857 1091 958 1123 modo
975 1091 1065 1123 hunc
1081 1093 1286 1132 sequeretur,
1303 1092 1404 1124 modo
1420 1092 1524 1123 illum.
1569 1092 1671 1124 Pauci
1694 1093 1759 1125 loci
1782 1093 1818 1125 in
1841 1094 1905 1125 hac
1927 1093 2076 1126 editione

299 1144 386 1176 felici
410 1144 605 1176 coniectura
628 1143 738 1175 sanati
762 1144 850 1181 sunt,
873 1142 1080 1183 pessumdati
1103 1153 1173 1175 non
1195 1144 1303 1184 pauci.

110 1212 278 1238 Basileensis
451 1204 500 1235 Ex
533 1203 656 1235 Aldina
690 1213 851 1244 expressa
884 1205 936 1234 est
970 1203 1231 1235 Basileensis
1261 1203 1342 1236 anni
1374 1203 1470 1242 1538,
1500 1203 1534 1234 in
1563 1213 1629 1244 qua
1656 1204 1754 1245 pauci
1781 1204 1846 1236 loci
1875 1204 2076 1238 coniecturis

298 1255 465 1287 emendati
489 1259 576 1287 sunt.

156 1325 279 1351 Chanier
449 1315 516 1347 Nec
539 1315 644 1347 multo
667 1315 742 1356 plus
765 1315 996 1347 Damocrateis
1019 1314 1145 1355 profuit
1167 1315 1335 1347 Renartus
1361 1314 1556 1347 Chartier
1584 1315 1744 1348 adhibitis
1772 1316 1880 1348 tribus
1904 1315 2075 1348 codicibus

298 1367 412 1407 Regiis
437 1366 524 1408 (sine
548 1366 649 1398 dubio
675 1366 789 1398 codice
805 1365 841 1397 F
859 1368 891 1398 et
913 1366 1078 1398 Parisinis
1094 1366 1188 1398 2156.
1204 1366 1301 1407 2158)
1325 1366 1360 1397 in
1382 1366 1598 1407 Hippocratis
1622 1369 1655 1398 et
1678 1366 1795 1399 Galeni
1818 1377 1959 1408 operum
1981 1366 2074 1409 (tom.

296 1418 379 1459 XIII)
404 1418 551 1450 editione
575 1418 730 1450 Parisina
752 1417 833 1450 anni
854 1418 945 1456 1679,
970 1428 1054 1458 quae
1078 1418 1147 1449 fere
1170 1418 1241 1449 tota
1264 1427 1304 1449 ex
1328 1417 1516 1449 Basileensi
1539 1418 1673 1458 pendet.

181 1488 278 1514 Kuehn
449 1478 623 1519 Perpauca
646 1478 792 1510 correxit
816 1477 956 1509 Carolus
980 1477 1116 1509 Gottlob
1140 1477 1277 1509 Kuehn
1310 1477 1344 1508 in
1374 1477 1522 1509 editione
1547 1477 1715 1518 Lipsiensi
1743 1478 1824 1510 anni
1856 1478 1947 1518 1826,
1976 1488 2075 1520 quam

299 1529 465 1562 Charterii
488 1529 629 1570 vestigia
653 1531 786 1561 secutus
809 1529 933 1570 publici
957 1528 1038 1560 iuris
1062 1529 1149 1561 fecit.

450 1590 622 1621 Accedunt
645 1589 788 1630 denique
812 1590 896 1621 duae
921 1589 1097 1627 editiones,
1121 1599 1205 1630 quae
1228 1587 1271 1620 ad
1287 1588 1508 1620 Damocratea
1524 1589 1597 1621 sola
1613 1588 1748 1621 omissis
1766 1589 1886 1622 ceteris
1902 1589 2076 1622 Galeniani

300 1641 412 1682 operis
436 1641 477 1673 de
501 1651 609 1682 comp.
633 1641 752 1673 medic.
777 1650 842 1673 sec.
866 1641 940 1672 loca
962 1640 1114 1681 partibus
1136 1640 1322 1681 pertinent:

165 1706 279 1732 Harless
451 1701 749 1733 Damocrateorum
785 1700 1056 1732 emendationem
1085 1710 1154 1732 non
1182 1700 1336 1740 provexit
1359 1700 1572 1732 Christianus
1595 1701 1785 1733 Fridericus
1807 1701 1992 1741 Harless‚
2021 1701 2077 1742 qui

294 1751 441 1786 ‘Servilii
464 1752 674 1784 Damocratis
699 1762 783 1793 quae
807 1754 989 1793 supersunt
1012 1752 1161 1784 carmina
1189 1750 1415 1784 medicinalia’
1441 1752 1590 1784 editurus
1618 1753 1707 1784 ultra
1733 1762 1884 1793 parvum·
1900 1762 1971 1784 non
1996 1762 2076 1793 pro-

298 1814 433 1845 gressus
458 1806 509 1836 est
533 1804 705 1844 specimen
728 1803 777 1845 (in
799 1806 1049 1844 programmate
1071 1802 1302 1835 universitatis
1318 1803 1510 1841 Bonnensis
1535 1803 1588 1835 die
1610 1804 1650 1835 III
1664 1804 1804 1844 Augusti
1820 1813 1850 1836 a.
1864 1803 1945 1836 1833
1962 1803 2076 1845 edito),

298 1866 363 1896 quo
388 1865 427 1887 ea
450 1855 638 1896 fragmenta
662 1855 734 1887 sola
757 1855 843 1896 typis
867 1854 1024 1894 excussit,
1048 1864 1133 1895 quae
1157 1854 1191 1885 in
1214 1856 1332 1886 nostra
1355 1854 1502 1886 editione
1518 1856 1611 1886 sunt:
1633 1855 1676 1886 IV
1690 1865 1720 1887 v.
1735 1855 1848 1894 1—47,
1863 1855 1904 1886 111
1918 1854 2076 1893 mci-38,

139 1907 278 1933 Hermann
296 1907 323 1938 II
351 1917 380 1938 v.
407 1906 529 1938 1—44.
575 1905 741 1938 Excitavit
769 1907 883 1937 tamen
913 1906 996 1937 haec
1025 1905 1187 1951 Harlessii
1211 1915 1314 1946 opera
1337 1905 1564 1937 Godofredum
1586 1906 1808 1944 Hermann,
1841 1908 1878 1938 ut
1900 1915 2077 1938 censuram

296 1956 554 1998 programmatis
572 1956 659 1988 illius
676 1956 868 1988 Bonnensis
884 1966 905 1988 a
921 1956 956 1989 C.
974 1957 1011 1988 G.
1026 1956 1180 1988 Kuehnio
1198 1956 1434 1996 conscriptam,
1458 1966 1542 1997 quae
1564 1957 1684 1997 legitur
1707 1957 1741 1989 in
1751 1954 1931 1998 ‘Leipziyer
1949 1955 2075 1989 Ditera-

298 2007 493 2049 tureeituny'
511 2019 540 2040 a.
561 2009 643 2040 1834
659 2018 748 2040 num.
766 2008 817 2047 33,
842 2008 1134 2040 emendationibus
1157 2008 1284 2048 aliquot
1300 2007 1436 2048 optimis
1453 2008 1496 2040 ad
1511 2008 1577 2040 tria
1592 2008 1648 2040 illa
1663 2009 1874 2041 Damocratis
1889 2008 2077 2050 fragmenta
2106 2022 2109 2023 ⁷

296 2059 543 2100 pertinentibus
568 2061 756 2091 exornaret.

450 2111 573 2142 Omnia
592 2111 823 2149 Damocratea,
843 2120 928 2151 quae
945 2110 1033 2151 apud
1051 2110 1214 2142 Galenum
1237 2110 1291 2151 (de
1311 2119 1419 2150 comp.
1443 2110 1561 2142 medic.
1581 2120 1647 2142 sec.
1666 2111 1750 2150 loca,
1769 2110 1810 2142 de
1829 2119 1938 2151 comp.
1955 2111 2074 2143 medic.

95 2163 280 2189 Bussemaker
299 2171 364 2193 see.
377 2171 509 2202 genera,
526 2162 567 2194 de
583 2161 758 2203 antidotis)
778 2163 911 2194 servata
932 2164 1020 2201 sunt,
1033 2161 1137 2193 edidit
1148 2162 1186 2193 U.
1200 2161 1236 2193 C.
1250 2162 1327 2193 Bus
1337 2162 1519 2194 semaker
1537 2162 1572 2193 in
1589 2162 1867 2203 Fragmentorum
1881 2164 2075 2202 poematum

299 2223 370 2244 rem
385 2214 572 2245 naturalem
587 2214 639 2245 vel
658 2213 860 2245 medicinam
877 2213 1101 2254 spectantium
1117 2213 1265 2245 editione
1281 2213 1461 2245 Didotiana
1476 2213 1563 2254 (pag.
1577 2214 1738 2254 99-132)
1759 2213 1922 2254 inspectis
1935 2213 2074 2254 passim,

299 2274 367 2295 non
391 2265 563 2296 exhaustis
588 2264 760 2297 codicibus
783 2263 853 2296 ΓΚ
872 2267 905 2296 et
927 2264 1092 2296 Parisinis
1115 2264 1209 2296 2158.
1232 2265 1317 2296 2156
1337 2264 1381 2296 ad
1402 2264 1589 2305 fragmenta
1610 2265 1646 2296 ΙΙ.
1670 2265 1720 2296 III.
1742 2264 1793 2296 IV.
1815 2264 1894 2303 vm,
1918 2264 2034 2297 codice
2049 2263 2080 2296 0

300 2315 401 2356 (conf.
424 2326 456 2356 p.
474 2315 506 2357 9)
523 2316 567 2347 ad
583 2316 770 2356 fragmenta
784 2316 919 2348 v-VII,
935 2316 1077 2354 ΙΧ-ΧΙ,
1097 2315 1268 2347 codicibus
1287 2314 1350 2354 QR
1361 2315 1461 2357 (conf.
1477 2326 1509 2356 p.
1525 2316 1564 2348 15
1580 2316 1643 2357 sq.)
1660 2316 1703 2348 ad
1720 2316 1908 2357 fragmenta
1921 2315 1988 2348 XII.
2002 2316 2074 2348 XIII

299 2367 515 2398 recensenda.
559 2367 635 2399 Non
649 2376 775 2408 paucos
792 2367 885 2399 locos
903 2367 1045 2399 feliciter
1061 2367 1208 2399 correxit
1219 2367 1451 2406 Bussemaker,
1467 2367 1611 2399 aliorum
1630 2367 1837 2408 corruptelas
1855 2369 1913 2399 aut
1929 2366 2074 2400 intactas

297 2419 494 2458 propagavit
516 2420 573 2450 aut
596 2418 786 2450 infelicibus
810 2418 1011 2452 coniecturis
1035 2418 1220 2459 temptavit,
1249 2427 1325 2450 cum
1351 2419 1552 2459 praesertim
1579 2419 1621 2451 de
1642 2419 1854 2451 Damocratis
1876 2428 1912 2450 re
1935 2419 2075 2451 metrica

299 2468 487 2500 incredibili
511 2469 705 2509 opinatione
728 2469 846 2502 ductus
870 2469 1058 2510 spondeum
1081 2470 1115 2501 in
1139 2469 1255 2510 quavis
1277 2469 1421 2501 trimetri
1444 2469 1578 2503 iambici
1602 2470 1681 2502 sede
1696 2470 1834 2502 tolerari
1847 2479 1950 2510 posse
1965 2479 2074 2511 neque
2132 2471 2138 2514 ξ

299 2520 426 2551 hiatum
449 2522 506 2552 aut
529 2520 674 2551 cuiusvis
697 2521 830 2560 generis
852 2520 1084 2553 barbarismos
1107 2531 1127 2553 a
1148 2521 1359 2553 Damocratis
1382 2523 1454 2553 arte
1477 2521 1587 2553 aliena
1609 2531 1685 2553 esse
1708 2521 1773 2553 sibi
1794 2521 2031 2562 persuasisset.
