2138 2748
983 248 1061 300 53'

264 359 502 394 ALFREDUS
538 359 877 399 HILLEBRANDT,
909 361 967 394 Dr.
996 361 1031 394 P.
1063 361 1097 393 P.
1127 360 1165 392 E.
1216 359 1388 392 Publice
1418 361 1442 394 Ι.
1487 360 1614 403 Scripta
1648 360 1761 394 Vedica
1790 361 1889 393 inter-

113 412 237 456 pretari
260 418 380 456 perget
409 413 440 445 d.
466 413 548 445 Lun.
579 417 613 445 et
637 413 706 446 lov.
736 412 768 444 h.
793 412 850 446 VI.
902 412 942 444 ΙΙ.
977 413 1024 444 De
1053 412 1207 444 Buddhae
1234 412 1299 444 vita
1327 416 1356 444 et
1382 412 1528 444 doctrina
1557 412 1701 444 disseret
1728 412 1760 444 d.
1786 412 1889 445 Mero.

112 463 146 498 h.
172 463 227 497 VI.
274 463 469 496 Privatim
494 465 550 497 111.
577 464 823 497 Grammaticam
845 464 972 505 tinynae
993 463 1159 495 Acesticae
1182 462 1320 494 docebit
1343 462 1374 495 d.
1400 463 1497 496 Mart.
1521 469 1554 495 et
1576 463 1662 495 Ven.
1687 463 1719 496 h.
1745 463 1835 496 vlu.

263 527 470 561 OSCARUS
495 527 733 565 ERDMANN,
772 527 828 560 Dr.
861 526 897 560 P.
926 526 961 558 P.
991 526 1030 560 E.
1075 526 1274 558 Privatim
1298 527 1321 558 1.
1368 527 1416 558 De
1439 527 1586 560 Schilleri
1612 528 1676 559 vita
1699 529 1888 570 scriptisque

111 577 256 611 disseret
279 579 311 612 d.
328 580 427 613 Mart.
450 584 484 611 et
508 579 591 612 Ven.
614 579 646 612 h.
672 579 727 612 111.
777 579 818 611 11.
861 579 1002 620 Linyuae
1027 578 1210 609 Theotiscae
1237 578 1437 610 saeculorum
1465 579 1538 610 XII.
1563 582 1591 610 et
1621 579 1711 611 XIII.
1735 578 1886 610 elementa

112 629 223 662 tradet
252 629 284 663 d.
300 630 384 663 Lun.
402 635 435 662 et
457 631 528 663 Iov.
547 630 579 662 b.
603 631 660 664 III.
704 629 996 662 Privatissime
1021 633 1060 661 et
1083 628 1214 671 gratis
1230 628 1288 661 111.
1311 629 1566 661 Eaeercitationes
1582 631 1616 661 in
1638 630 1777 669 leyendis
1793 631 1888 661 inter-

107 682 339 724 pretandisque
361 682 556 714 carminibus
582 682 755 714 Theoti-scis
778 681 978 714 saeculorum
995 681 1070 713 XII.
1094 684 1122 712 et
1137 680 1229 713 XIII.
1254 680 1406 712 instituet
1422 691 1496 712 cuni
1514 680 1689 712 sodalibus
1713 680 1756 712 ad
1773 680 1887 712 studia

110 731 297 765 Theotisca
322 732 511 765 accessuris
535 732 567 765 d.
591 732 694 765 Mei-c.
719 732 751 765 h.
775 733 831 764 111.
857 736 890 764 et
911 732 967 764 IV.

225 816 230 820 -
263 796 507 830 AUGUSTUS
531 795 837 835 SCHMARSOW,
860 795 919 827 Dr.
943 794 978 827 P.
1004 794 1038 828 P.
1064 795 1101 828 E.
1147 795 1322 827 Publice
1346 796 1369 827 Ι.
1408 796 1533 829 Artium
1556 797 1769 828 technicorum
1791 797 1886 828 histo-

109 849 192 881 riam
215 849 289 881 inde
311 851 350 881 ab
373 849 464 881 initio
479 849 576 880 medii
591 850 662 880 aevi
684 847 866 880 illustrabit
881 846 914 880 d.
931 847 1028 880 Mart.
1053 852 1087 879 et
1102 847 1172 881 Iov.
1195 847 1227 880 b.
1246 847 1320 880 XII.
1352 847 1546 880 Privatim
1571 848 1610 880 ΙΙ.
1633 849 1760 880 Artium
1771 848 1885 889 plasti-

109 908 220 932 camm
242 901 329 942 apud
354 899 554 932 Christianos
577 899 742 931 historiam
770 898 984 931 adumbrabit
1012 898 1044 931 d.
1069 898 1150 931 Lun.
1180 898 1283 931 Mero.
1311 898 1393 932 Ven.
1418 899 1450 930 li.
1476 899 1549 932 XIl.
1595 898 1886 931 Prii-atissiine

109 950 167 983 111.
189 935 444 983 Ex'ercitationes
474 950 671 983 Vasarianas
694 949 801 984 offert.

260 1013 530 1047 SIGMUNDUS
566 1013 825 1051 FRAENKEL,
861 1014 918 1046 Dr.
943 1015 978 1047 P.
1007 1013 1042 1048 P.
1078 1014 1117 1047 E.
1172 1013 1343 1045 Publice
1372 1015 1397 1047 I.
1452 1016 1500 1047 De
1529 1015 1656 1047 Corano
1684 1014 1830 1046 disseret
1852 1013 1884 1046 d.

109 1064 208 1099 Mart.
242 1065 275 1099 h.
300 1065 341 1099 V.
386 1065 585 1098 Privatim
614 1066 656 1098 H.
691 1066 854 1098 Elementa
886 1066 1010 1106 linquae
1036 1065 1194 1097 Arabicae
1227 1064 1365 1097 docebit
1399 1065 1431 1098 d.
1460 1066 1542 1098 Lun.
1577 1072 1610 1097 et
1639 1066 1709 1098 Iov.
1746 1065 1777 1097 b.
1811 1064 1885 1097 VlI.

107 1117 165 1149 111.
187 1116 246 1149 Ilm
271 1116 395 1150 Gandhi
416 1117 655 1159 Kitdb-al-Usal
677 1116 953 1159 interpretabitur
982 1115 1014 1148 d.
1050 1115 1152 1149 Mero.
1176 1116 1208 1149 h.
1244 1115 1316 1148 V11.
1340 1121 1373 1148 et
1403 1117 1491 1149 VIII.
1538 1117 1824 1148 Privatissime
1848 1123 1887 1148 et

110 1167 244 1210 gratis
266 1167 325 1201 1V.
348 1169 604 1201 Exercitationes
626 1169 817 1200 Aramaicas
840 1167 994 1199 instituet
1016 1167 1048 1198 d.
1074 1167 1172 1199 Mart.
1196 1167 1229 1200 h.
1252 1167 1327 1199 VII.

263 1231 470 1265 CAROLUS
495 1231 676 1270 HINTZE,
701 1232 759 1264 Dr.
784 1231 818 1265 P.
842 1233 878 1265 P.
902 1231 941 1265 E.
986 1231 1158 1263 Publice
1182 1233 1205 1264 Ι.
1235 1233 1399 1264 Elementa
1420 1234 1581 1274 gyeoloyiae
1603 1232 1715 1265 tradet
1738 1233 1884 1264 omnium

111 1283 266 1316 ordinum
290 1283 576 1316 commilitonibus
605 1284 637 1316 d.
662 1284 765 1316 Merc.
790 1283 822 1316 h.
847 1283 922 1316 XII.
968 1282 1108 1314 Gratis
1131 1283 1172 1315 II.
1213 1284 1432 1316 Eoi-cursiones
1459 1284 1703 1325 mineratoyicas
1732 1284 1886 1315 instituet

111 1334 231 1367 diebus
255 1334 320 1368 def.
366 1335 563 1367 Privatim
587 1335 644 1368 ΙΙΙ.
677 1335 1002 1376 Crystalloyraphiam
1028 1338 1057 1366 et
1085 1335 1305 1375 yeometricam
1332 1338 1361 1366 et
1383 1335 1550 1376 physicam
1579 1334 1716 1366 ‹locebit
1745 1335 1778 1368 d.
1805 1335 1885 1367 Lun.

109 1386 208 1418 Mart.
235 1387 307 1419 Iov.
338 1387 419 1419 Ven.
450 1386 481 1420 b.
510 1386 570 1420 IV.
619 1386 908 1418 Privatissime
937 1385 997 1418 IV.
1035 1386 1072 1418 In
1106 1386 1299 1418 laboratorio
1332 1387 1557 1427 mineraloyico
1592 1396 1728 1428 operam
1757 1386 1886 1418 daturis

109 1437 218 1470 aderit
241 1437 403 1480 quotidie.

261 1501 493 1534 HENRICUS
529 1501 727 1544 GRAETZ,
770 1501 827 1534 Dr.
865 1501 901 1534 P.
935 1501 970 1533 P.
1003 1501 1081 1534 hon.
1128 1501 1332 1534 Privatim.
1378 1501 1515 1534 Sanctae
1538 1506 1642 1534 terrae
1662 1502 1887 1543 yeoyraphiam

109 1556 139 1585 et
161 1553 403 1595 topoyraphiam
427 1552 566 1584 docebit
588 1552 621 1585 d.
644 1553 728 1586 Lun.
752 1558 786 1584 et
806 1552 912 1584 Mero.
937 1552 969 1587 Ιι,
992 1554 1067 1585 XII.

262 1617 398 1649 FELlX
422 1617 682 1654 BOBERTAG,
722 1617 782 1650 Dr.
828 1616 967 1649 Gratis
996 1617 1021 1648 Ι.
1071 1618 1115 1649 De
1138 1619 1298 1658 Lessinyii
1310 1617 1428 1663 sabqla
1455 1618 1584 1650 Nathan
1607 1619 1664 1650 cler
1694 1618 1794 1650 Weise
1817 1617 1885 1649 dis-

110 1674 200 1702 seret
222 1668 326 1700 semel
350 1679 409 1711 per
432 1668 534 1702 hebd.
557 1668 591 1702 h.
615 1668 681 1701 def.
726 1668 924 1700 Privatim
948 1668 989 1700 ΙΙ.
1019 1669 1191 1701 Historiam
1218 1669 1415 1701 litteraturae
1441 1670 1622 1701 'I'heotiscae
1643 1671 1745 1701 nostri
1767 1669 1889 1701 saeculi

108 1723 245 1763 (partem
267 1721 324 1760 ΙΙ.)
346 1720 458 1753 tradet
479 1721 532 1753 bis
557 1731 617 1763 per
638 1720 740 1754 hebd.
764 1720 797 1754 h.
822 1721 888 1753 def.

262 1783 409 1817 FELIX·
429 1784 695 1822 AUERBACH,
730 1784 788 1818 Dr.
832 1784 1040 1816 Privatim.
1089 1784 1250 1817 Calcatum
1278 1784 1537 1826 probabilitatum
1571 1784 1708 1816 docebit
1740 1784 1793 1816 bis
1827 1794 1888 1826 per

110 1835 211 1868 hebd.
235 1835 269 1869 h.
293 1835 359 1869 def.

262 1899 541 1932 BERNARDUS
577 1900 823 1941 KOSMANN,
864 1900 921 1932 Dr.
972 1900 1171 1932 Privatim
1199 1901 1224 1933 Ι.
1269 1901 1317 1932 De
1349 1902 1483 1933 materia
1515 1901 1715 1933 minei-atium
1749 1901 1886 1933 chemica

109 1951 269 1983 tractabit
291 1952 442 1984 elementa
465 1956 586 1994 quater
613 1962 675 1994 per
704 1951 804 1984 hebd.
836 1952 867 1984 h.
892 1956 969 1984 mat.
993 1951 1059 1984 def.
1103 1951 1281 1983 Publice
1311 1953 1351 1984 II.
1377 1953 1543 1984 Theoriam
1566 1962 1720 1994 aquamm
1743 1953 1887 1983 materiis

109 2002 555 2044 mineralicispraedstamm,
584 2004 739 2044 oriyinem
762 2007 854 2045 atque
877 2004 1028 2036 elementa
1050 2014 1160 2035 earum
1183 2009 1331 2046 exponet
1353 2003 1404 2035 bis
1429 2014 1488 2046 per
1512 2003 1612 2036 hebd.
1634 2003 1666 2036 h.
1690 2003 1885 2046 posunerid.

111 2051 176 2085 def.
221 2051 513 2085 Privatissime
536 2054 592 2086 III.
615 2054 654 2086 In
677 2055 803 2095 analysi
825 2055 962 2087 chemica
985 2055 1170 2096 qualitativa
1193 2059 1222 2087 et
1237 2056 1442 2097 quantitativa
1470 2056 1709 2087 exercitationes
1731 2055 1883 2086 modera-

112 2103 200 2136 bitur
218 2103 250 2137 d.
274 2104 357 2138 Lun.
385 2115 493 2147 usque
517 2105 560 2136 ad
588 2104 619 2138 d.
647 2106 730 2138 Ven.
758 2105 790 2138 b.
819 2110 895 2139 mat.
920 2105 1032 2145 Χ--Ι.,
1061 2106 1255 2148 postmerid.
1283 2107 1429 2139 III—VI.
1458 2107 1489 2137 in
1518 2106 1723 2138 laboratorio
1746 2107 1884 2149 proprio

108 2154 388 2195 (Schweidnitzer
410 2155 638 2199 Stadtgrabeu
667 2157 729 2197 13).

263 2206 469 2240 FRANCUS
499 2207 734 2245 SCHWARZ,
770 2208 828 2241 Dr.
873 2207 1084 2242 Privatim.
1130 2210 1364 2250 Physioloyiam
1382 2210 1568 2251 plantarum
1597 2208 1735 2241 docebit
1753 2210 1884 2251 experi-

110 2258 299 2302 mentisque
323 2257 506 2291 illustrabit
529 2259 581 2291 bis
605 2271 666 2302 per
686 2259 788 2292 hebd.
812 2259 844 2292 d.
868 2259 953 2292 Ven.
978 2265 1011 2292 et
1034 2260 1106 2293 Sat.
1129 2260 1161 2293 h.
1186 2259 1260 2293 XII.

263 2322 534 2356 LEOPOLDUS
565 2323 708 2361 COHN,
739 2324 797 2356 Dr.
843 2323 1039 2356 commeatu
1062 2324 1239 2367 impetrato
1265 2324 1403 2356 scholas
1426 2335 1492 2356 non
1518 2325 1666 2357 habebit.

263 2386 481 2420 AEMILIUS
505 2387 677 2431 ROHDE,
702 2388 760 2422 Dr.
806 2388 1004 2420 Privatim
1028 2388 1052 2420 Ι.
1096 2390 1276 2429 Zooloyiam
1300 2390 1487 2420 animalium
1512 2390 1724 2421 niammalium
1748 2388 1886 2420 docebit

110 2437 163 2470 bis
186 2448 247 2481 per
269 2437 370 2471 hcbd.
400 2438 434 2472 h.
458 2438 524 2473 def.
569 2440 609 2472 11.
633 2441 887 2472 Exercitationes
915 2441 1095 2481 zooloyicas
1123 2444 1152 2472 et
1179 2441 1425 2482 microscopicas
1449 2440 1678 2471 nauhu-abitur
1706 2443 1785 2479 (uua
1809 2451 1882 2471 cum

112 2489 309 2532 Schneider,
332 2490 368 2523 P.
393 2490 427 2523 P.
452 2489 506 2532 O.)
529 2491 561 2524 d.
586 2492 685 2524 Mart.
709 2495 742 2523 et
763 2492 834 2524 Iov.
859 2491 891 2524 b.
917 2491 957 2523 V.
982 2495 1015 2523 et
1038 2491 1095 2523 Vl.
