2138 2748
171 861 197 886 p.
219 853 268 878 101

222 1734 272 1765 §3

176 1827 202 1852 p.
224 1819 272 1845 10²2

293 254 330 286 16
901 250 993 277 LVD.
1015 250 1234 277 CARRIONIS
1252 249 1390 276 NOTAE
1407 249 1456 276 IN

289 341 324 379 sn,
345 343 378 370 vt
401 341 494 370 semel
515 339 572 369 hac
595 348 689 377 opera
711 338 918 377 defungamur,
946 339 1146 368 Iureconsulti
1174 338 1270 368 nostri
1297 347 1358 367 non
1392 346 1464 367 sane
1497 337 1585 366 inuiti
1613 337 1692 367 hunc
1724 338 1755 367 in
1788 338 1908 368 modum
1941 338 1989 368 his
2021 337 2066 367 vti

288 384 387 414 solent
408 383 544 420 vocibus,
578 382 655 411 adeo
684 383 716 410 vt
737 390 783 410 res
800 382 977 419 peculiarius
998 382 1145 419 leianus
1168 384 1198 411 et
1218 381 1403 418 Pomponius
1431 389 1493 409 non
1515 380 1680 410 dubitarint
1706 381 1816 411 dicere.
1850 380 1874 411 S
1880 382 1890 409 ι’
1911 389 1987 420 aere,
2020 380 2066 410 iu-

290 427 363 465 quit,
392 426 484 455 alieno
514 425 653 454 dominico
681 424 870 453 exhauriatur
894 424 1036 463 peculium
1064 425 1158 453 serui:
1186 433 1232 452 res
1260 427 1352 452 tamen
1381 422 1410 452 in
1433 432 1523 451 causa
1540 423 1703 461 peculiaria
1724 427 1845 454 manent.
1881 433 1950 452 nam
1971 423 1997 452 ai
2018 426 2066 452 aut

286 478 370 498 seruo
393 468 526 498 donasset
548 466 669 496 debitum
692 467 830 504 dominus,
854 470 903 496 aut
923 468 1035 496 nomine
1056 467 1133 496 serui
1155 467 1228 495 alius
1252 466 1364 495 domino
1380 466 1530 494 intulisset:
1558 466 1701 504 peculium
1723 466 1878 504 suppletur.
1900 467 1921 495 l.
1944 465 2066 504 peculii.

288 512 307 550 ξ
331 512 358 541 si
380 520 450 541 aere
472 511 582 540 alieno.
616 510 654 539 D.
679 509 717 539 de
739 510 859 547 peculio
884 510 947 548 [XV
966 511 993 548 l,
1016 511 1046 548 4,
1070 510 1110 548 51.
1154 509 1238 546 Illud,
1260 509 1359 546 inquit
1372 509 1530 546 leianus‚
1553 508 1696 537 sciendum
1718 512 1758 537 est
1777 509 1892 547 parenti
1913 509 1998 538 licere
2019 508 2066 538 de-

287 555 417 584 teriorem
439 553 632 583 condicionem
655 551 807 582 liberorum
828 554 858 581 in
880 552 964 582 rebus
982 553 1150 591 peculiariis
1165 552 1277 589 facere.
1312 552 1331 581 l.
1355 551 1436 589 apud
1460 550 1590 581 Celsum.
1623 552 1654 580 in
1682 551 1750 581 fine.
1789 552 1826 581 de
1855 551 1919 581 doli
1946 551 2019 581 mali
2041 550 2067 580 ἀ

287 598 358 626 met.
382 598 500 637 except.
547 596 594 634 [D.
617 595 723 634 XLIV,
746 596 776 634 4,
801 596 830 634 4,
855 595 915 633 34.]
953 596 996 625 sic
1031 595 1057 624 ἀ
1088 595 1287 624 versicolorius
1320 603 1381 623 non
1414 596 1529 623 tantum
1561 594 1709 631 Apuleius
1744 594 1799 624 sed
1830 593 1969 624 &iidem
1991 594 2016 624 1.
2038 602 2064 624 c.

288 640 427 669 dixerunt
449 639 544 677 [Paul.
567 639 605 669 D.
628 638 751 667 XXXIV
774 638 803 676 2,
828 639 878 676 32,
903 638 937 676 6;
960 641 1036 668 sent.
1060 638 1105 667 111
1129 638 1157 676 6,
1182 637 1243 675 82],
1265 637 1309 666 vti
1332 636 1358 666 ἀ
1381 636 1548 675 angularium
1577 636 1732 674 [Proculus
1754 637 1792 666 D.
1816 637 1927 675 XVIII,
1953 638 1980 675 1,
2004 635 2066 675 69].

439 681 490 710 sed
511 682 540 710 in
555 681 646 719 soro.]
691 682 799 719 vulgo3
822 681 873 710 sed
894 682 924 709 in
937 681 1009 717 foro
1032 683 1057 709 et
1079 681 1108 709 in
1131 680 1240 709 comitio
1256 679 1336 718 apud
1349 678 1513 709 tribunalia.
1550 679 1638 716 quasi
1653 688 1802 717 nusquam
1816 679 1875 709 nisi
1890 679 1922 708 in
1945 679 2066 709 comitio

288 725 348 754 sint
368 724 540 755 tribunalia.
577 724 769 753 membranae
792 724 930 761 copulam
952 724 1043 761 illam,
1067 726 1100 761 et,
1125 723 1273 752 omittunt.
1306 723 1411 759 itaque
1431 722 1550 760 legunt·
1574 721 1625 750 sed
1645 722 1675 751 in
1687 722 1770 759 foro,
1793 723 1823 751 in
1845 722 1965 760 comitio,
1989 721 2069 760 apud

286 767 449 796 tribunalia.
484 767 717 804 elegantissime.
743 767 845 804 foram
867 770 916 803 est,
945 766 1044 803 inquit
1071 765 1207 795 Isidorus
1237 765 1330 803 [Orig.
1352 765 1406 794 XV
1431 765 1459 803 2,
1484 765 1539 802 273
1568 765 1668 794 XVIII
1700 764 2068 803 15,1],·eaeercendmm

287 810 375 840 litium
396 810 484 839 locus.
486 810 513 846 *)
542 809 617 838 adde
639 809 716 847 quod
737 810 830 847 ipsum
853 809 986 846 cuiusque
1013 808 1115 837 iudicis
1143 807 1267 836 tribunal
1286 809 1387 846 sorum
1416 808 1585 857 appellatur.
1629 806 1726 845 Igitur
1748 807 1773 836 ἃ
1795 808 1948 837 comitium
1971 807 2068 837 forum

290 853 350 883 dici
382 853 506 891 poterit.
556 851 581 881 ἃ
611 854 692 881 certe
725 852 880 880 veteribus
915 850 1042 881 Graecis
1074 848 1261 890 plerumlque
1295 851 1447 880 comitium
1482 845 1592 890 ἀγορά.
1646 850 1825 880 Plutarchus
1858 851 1890 879 in
1922 850 2068 880 Romanis

287 914 342 942 cap
346 898 463 934 lXIII
486 903 524 932 de
546 904 630 940 Rege
654 911 806 932 sacrorum
830 903 846 931 e
870 902 989 931 comitio
1013 902 1147 939 fugiente
1171 901 1316 931 sacrificio
1345 904 1486 939 peracto,
1515 900 1579 931 ἐστὶ
1595 901 1681 952 γοῦν
1707 900 1750 937 τὶς
1779 899 1811 931 ἐν
1841 897 1943 942 ἀγορᾷ
1971 898 2068 931 θυσια

287 946 363 987 πρὸς
386 946 429 987 τῷ
452 943 611 986 λεγομένῳ
634 943 762 986 κομιτίῳ
784 942 930 995 πάτριος,
944 942 983 985 ἧν
1006 941 1107 981 θύσας
1135 941 1152 974 ὁ
1182 941 1325 985 βασιλεὺς
1352 942 1436 973 κατὰ
1463 940 1561 984 τάχος
1589 941 1692 973 ἄπεισι
1722 941 1844 984 φεύγων
1875 942 1907 981 ἐξ
1940 940 2067 984 ἀγορᾶς.

289 990 417 1020 Comitia
438 989 592 1018 veteribus
616 988 727 1017 criticis
751 988 891 1017 dicuntur
914 984 1119 1028 ἀρχιαιρὲσια.
1155 987 1210 1017 sed
1233 987 1272 1016 de
1295 987 1415 1016 comitio
1438 987 1499 1016 late
1523 986 1548 1015 ἃ
1571 986 1686 1016 erudite
1710 986 1853 1016 disseruit
1875 987 2068 1016 doctissimus

288 1032 465 1062 Raeuardus
488 1034 606 1062 noster:
632 1040 721 1068 quem
745 1031 797 1068 qui
819 1031 850 1060 in
874 1040 911 1060 ea
934 1031 1139 1080 disputatione
1162 1031 1287 1059 sciolum
1317 1030 1460 1079 appellat,
1484 1038 1583 1067 neque
1605 1030 1697 1058 vllam
1718 1038 1791 1059 suae
1815 1030 1983 1059 sententiae
1999 1038 2068 1059 con-

286 1075 448 1105 firmandae
471 1074 588 1112 profelt
611 1074 829 1110 auctoritatem,
851 1073 954 1103 videat
976 1082 1014 1103 ne
1037 1074 1103 1111 ipse
1126 1073 1228 1111 potius
1251 1082 1287 1102 eo
1310 1073 1434 1102 nomine
1458 1081 1491 1102 se
1513 1073 1587 1101 velit
1610 1072 1736 1110 dignari.

438 1117 518 1155 apud
539 1116 713 1155 tribunalia]
758 1117 929 1154 generalius
951 1116 1010 1145 hoc
1033 1119 1080 1145 est
1101 1116 1238 1153 reliquis.
1272 1115 1453 1153 vbicumque
1477 1116 1556 1144 enim
1578 1116 1625 1144 ius
1651 1115 1759 1144 dicitur
1773 1115 1905 1144 tribunal
1920 1114 2068 1153 appellari

286 1162 398 1198 potest.
433 1162 480 1190 est
503 1160 581 1189 enim
603 1159 683 1188 idem
707 1160 791 1197 quod
814 1157 910 1200 βῆμα.
947 1159 1030 1196 quod
1053 1159 1118 1188 siue
1141 1159 1209 1188 loco
1233 1160 1379 1188 consueto
1404 1159 1443 1188 sit
1467 1158 1532 1187 siue
1555 1158 1628 1187 alibi
1651 1158 1790 1195 erigatur,
1815 1157 2067 1195 quemadmodum

289 1205 305 1232 e
329 1203 497 1241 cespitibus
520 1212 581 1232 non
603 1211 670 1231 raro
694 1202 758 1231 fieri
782 1203 980 1232 consueuisse
1002 1202 1140 1240 legimus,
1175 1210 1285 1230 nomen
1320 1210 1405 1231 suum
1433 1201 1552 1231 retinet.
1599 1201 1708 1238 Itaque
1741 1201 1833 1230 iudex
1867 1200 1893 1229 ἃ
1925 1199 2069 1230 tribunali

287 1255 431 1284 praeesse
467 1245 492 1274 ἃ
524 1255 579 1283 pro
614 1245 757 1274 tribunali
792 1245 900 1274 dicitur
933 1253 1117 1282 cognoscere
1150 1245 1171 1273 l.
1205 1244 1229 1273 1.
1263 1243 1301 1273 de
1335 1244 1455 1273 iudiciis
1489 1244 1536 1281 [D.
1561 1242 1588 1271 V
1614 1243 1704 1281 1].1.
1739 1244 1779 1272 11.
1814 1243 1852 1272 de
1885 1251 1918 1272 re
1945 1243 2069 1273 iudicat.

289 1289 336 1327 [D.
359 1289 444 1318 XLII
470 1288 506 1326 1.]
551 1289 592 1317 Vt
614 1291 714 1317 autem
736 1288 891 1326 coniungit
914 1287 1041 1326 Gellius,
1055 1288 1166 1325 sorum,
1191 1287 1340 1325 comitium,
1364 1286 1535 1325 tribunalia3
1565 1286 1607 1315 ita
1630 1286 1736 1315 Cicero
1759 1295 1814 1324 pro
1837 1285 1936 1315 Sestio
1966 1285 1996 1324 [ξ
2019 1285 2068 1324 75]

279 1333 391 1370 sorum,
415 1332 564 1369 comitium,
588 1332 707 1360 curiam.
753 1329 833 1368 Cum,
857 1331 965 1368 inquit,
980 1331 1091 1368 sorum,
1116 1330 1266 1366 comitium,
1291 1330 1399 1358 curiam
1421 1329 1511 1358 multa
1533 1329 1568 1358 de
1595 1332 1674 1358 nocte
1703 1329 1822 1357 armatis
1849 1327 2008 1358 hominibus
2035 1338 2070 1357 ac

288 1375 380 1404 seruis
403 1375 625 1412 occupauissent.
670 1374 779 1411 Neque
802 1374 907 1402 mirum
931 1376 978 1403 est
1001 1372 1130 1402 Gellium
1153 1373 1296 1401 maiorem
1325 1372 1356 1401 in
1389 1372 1490 1401 verbis
1523 1372 1738 1410 proprietatem
1773 1372 1810 1400 ab
1844 1371 1882 1401 iis
1915 1371 2070 1409 requirere

289 1417 341 1455 qui
362 1417 394 1446 in
416 1418 480 1446 iure
502 1418 660 1446 versantur
683 1426 773 1454 quam
796 1417 848 1454 qui
870 1417 902 1445 in
924 1416 1080 1454 compitis:
1104 1424 1170 1444 cum
1194 1415 1220 1444 ἀ
1242 1415 1411 1452 Iurisperiti
1433 1415 1626 1452 proprietatis
1660 1415 1691 1443 in
1719 1414 1820 1443 verbis
1849 1414 1910 1443 sint
1939 1414 2070 1444 retinen-

288 1460 407 1499 tIssimi,
429 1460 455 1489 ἃ
478 1460 639 1489 caussidici
659 1460 820 1489 verborum
843 1459 975 1497 argutias
998 1458 1150 1489 affectent.
1184 1458 1287 1495 itaque
1310 1457 1337 1486 ἀ
1358 1457 1511 1487 quenalis
1534 1458 1577 1487 ait
1599 1457 1670 1495 [Sat.
1695 1457 1724 1496 7,
1752 1457 1809 1486 148
1833 1457 1907 1495 sq.]:

1481 1508 1621 1538 nutricula
1643 1508 1867 1537 cauesidicorum

493 1552 599 1584 Gallia.

290 1605 316 1634 ἀ
338 1605 413 1635 Cato
437 1607 528 1634 antea
550 1605 668 1634 dixerat
691 1604 783 1642 [Orig.
807 1605 837 1633 11
860 1603 895 1633 fr.
921 1603 938 1632 2
962 1603 986 1632 1.
1016 1603 1052 1634 fr.
1084 1603 1123 1631 34
1150 1603 1195 1641 Ρ.]
1246 1602 1329 1631 Duas
1357 1611 1403 1631 res
1432 1603 1526 1632 omnis
1554 1601 1650 1631 Gallia
1677 1602 1868 1631 strenuissime
1891 1602 2072 1640 persequitur

290 1651 378 1677 artem
410 1648 559 1677 militarem
588 1651 612 1676 et
645 1648 744 1685 argute
777 1647 869 1685 loqui:
902 1649 935 1675 vt
969 1645 1153 1675 causidicum
1184 1646 1249 1675 sine
1277 1645 1436 1674 verborum
1466 1645 1591 1682 argutiis
1615 1654 1684 1674 esse
1706 1654 1768 1674 non
1789 1653 1883 1683 posse
1906 1645 2071 1674 existimes.

291 1690 349 1727 Qui
370 1700 442 1720 vero
465 1691 496 1719 in
519 1690 659 1728 compitis
681 1692 841 1720 versantur
861 1692 944 1719 recte
967 1688 1114 1726 loquendi
1137 1697 1236 1718 curam
1261 1689 1328 1718 aliis
1350 1689 1441 1718 rebus
1463 1690 1660 1726 postponunt.
1705 1688 1760 1717 sed
1791 1688 1868 1717 haec
1897 1685 2070 1728 παρέργως.

441 1743 574 1771 magnam
593 1733 725 1771 partem]
770 1735 844 1762 nota
867 1732 1070 1761 distinctionis
1092 1732 1191 1760 locum
1215 1731 1356 1780 corrupit:
1398 1733 1542 1780 putarunt
1568 1727 1783 1771 ἀκανθολόγοι
1811 1731 1862 1760 isti
1888 1730 2070 1768 interpretes

291 1775 421 1806 Gellium
445 1776 570 1814 dixisse,
592 1785 726 1814 magnam
747 1779 859 1814 partem
881 1783 1038 1812 superesse,
1069 1774 1169 1811 deque
1198 1783 1234 1803 eo
1262 1774 1477 1813 anquisiuisse,
1512 1773 1537 1802 ἀ
1567 1782 1635 1803 esse
1664 1774 1904 1812 interpretatum,
1938 1782 2072 1811 ”caynam

287 1822 400 1858 partem
433 1819 616 1857 superfluere.
652 1819 736 1856 atqui
761 1816 764 1859 Ι
790 1819 879 1847 aliter
910 1818 1000 1855 longe
1034 1817 1152 1846 locutus
1189 1819 1237 1846 est
1259 1816 1386 1847 Gellius.
1421 1817 1511 1855 igitur
1534 1817 1757 1846 distinctionem
1778 1819 1870 1854 muta,
1904 1814 1930 1844 ἃ
1957 1815 2074 1852 εοῐίδθς

290 1871 425 1900 magnam
443 1865 565 1900 partem,
590 1870 762 1899 superesse,
786 1862 825 1890 ita
848 1860 988 1889 dixerunt.
1022 1862 1055 1889 vt
1076 1860 1161 1897 illud,
1184 1869 1317 1898 magnam
1337 1863 1459 1898 partem,
1482 1869 1543 1889 non
1566 1859 1604 1888 ad
1626 1868 1784 1898 superesse,
1808 1859 1864 1889 sed
1885 1858 1925 1888 ad
1939 1858 2070 1887 dixerunt

290 1905 449 1935 referatur.
494 1903 550 1943 Qui
571 1905 676 1942 integre
699 1904 782 1933 locuti
803 1907 876 1942 sunt,
898 1913 1031 1941 maynam
1050 1906 1163 1941 partem
1185 1903 1225 1931 ita
1248 1902 1388 1931 dixerunt.
1412 1903 1445 1932 id
1467 1904 1523 1940 est,
1546 1912 1651 1940 mayna
1674 1911 1710 1931 ex
1734 1906 1835 1940 parte:
1863 1902 1938 1940 siue,
1965 1910 2072 1940 mayno

289 1956 362 1986 pars
384 1957 482 1976 eorum
504 1947 552 1985 qui
574 1948 678 1985 integre
699 1950 763 1976 sunt
784 1947 884 1976 locuti:
918 1955 995 1983 quae
1022 1945 1169 1983 loquendi
1196 1945 1273 1975 ratio
1301 1946 1392 1983 vulgo
1422 1946 1526 1983 ignota
1555 1945 1742 1974 doctioribus
1770 1944 1984 1983 scriptoribus,
2018 1944 2071 1981 qui

291 1991 417 2028 integre,
439 1992 472 2019 vt
494 1992 599 2019 noster
620 1990 670 2027 ait,
694 1991 764 2019 sunt
785 1989 879 2019 locuti
902 1988 958 2018 fuit
980 1989 1188 2018 vsitatissima.
1222 1988 1278 2018 sed
1300 1997 1336 2017 ea
1357 1989 1535 2026 plerumque
1558 1997 1595 2017 ex
1622 1988 1742 2017 illorum
1769 1987 1864 2026 libris,
1893 1987 2071 2016 mutantium

291 2033 452 2072 imperitia,
476 2033 609 2070 euanuit,
632 2035 684 2061 aut
705 2033 736 2061 in
759 2033 848 2061 aliam
871 2032 974 2061 nescio
999 2040 1089 2069 quam
1110 2031 1210 2062 vertit.
1248 2030 1361 2061 Caesar
1382 2040 1443 2060 non
1467 2031 1560 2060 semel
1583 2039 1620 2060 ea
1642 2032 1689 2060 est
1710 2039 1794 2060 vsus.
1828 2032 1859 2059 vt
1880 2030 1957 2059 libro
1973 2029 2069 2068 primo

293 2076 329 2114 [c.
356 2076 392 2104 12
416 2075 436 2114 ξ
461 2075 488 2113 3]
513 2075 551 2104 de
572 2075 653 2104 bello
678 2075 811 2104 Gallico:
835 2074 896 2104 Eos
917 2074 1067 2112 impeditos
1087 2077 1112 2103 et
1126 2075 1311 2112 ,inopinantes
1339 2083 1491 2112 ayyressus
1517 2083 1651 2112 maqnam
1675 2076 1788 2111 partem
1816 2082 1913 2102 eorum
1941 2072 2071 2110 concidit,

294 2119 361 2148 dele
383 2127 489 2148 vocem
512 2127 618 2155 eorum,
642 2117 668 2147 ἀ
690 2118 805 2147 scribe:
828 2117 890 2146 Eos
912 2117 1059 2155 impeditos
1082 2120 1106 2145 et
1129 2118 1306 2155 inopinantes
1329 2125 1480 2155 ayyressus
1502 2126 1636 2154 magnam
1653 2118 1767 2154 partem
1797 2115 1926 2146 concidit.
1959 2115 1992 2144 id
2014 2117 2074 2153 est,

293 2170 401 2199 magna
424 2170 460 2190 ex
482 2163 578 2199 parte.
613 2161 655 2190 ita
677 2161 719 2190 ibi
741 2163 861 2190 veteres
885 2160 990 2198 optimi
1013 2159 1144 2189 codices.
1179 2159 1261 2189 idem
1284 2159 1392 2189 eodem
1426 2159 1462 2197 [c.
1494 2159 1532 2188 26
1561 2158 1581 2198 ξ
1613 2159 1657 2197 5];
1691 2158 1740 2188 Ex
1762 2168 1795 2188 eo
1821 2158 1933 2197 proelio
1961 2158 2072 2187 circiter
2103 2158 2106 2164 “

293 2204 434 2233 hominum
456 2204 535 2233 milia
558 2202 675 2233 CXXX
694 2204 902 2242 superfuerunt.
935 2212 1024 2241 eaque
1046 2205 1104 2231 tota
1125 2206 1204 2232 nocte
1227 2203 1395 2231 continenter
1416 2202 1516 2238 ierunt,
1545 2202 1574 2230 in
1603 2201 1709 2230 nullam
1728 2204 1840 2239 partem
1863 2201 1951 2230 noctis
1972 2201 2072 2230 itinere

294 2247 464 2278 intermisso.
497 2247 564 2276 dele
586 2255 704 2281 vocem,
727 2247 766 2285 in,
790 2247 828 2275 ab
851 2245 1023 2275 hominibus
1046 2245 1177 2275 indoctis
1200 2245 1364 2275 adiectam:
1388 2244 1414 2273 ἀ
1436 2245 1551 2282 scribet,
1581 2244 1687 2273 nullam
1710 2247 1824 2282 partem
1852 2244 1940 2273 noctis
1974 2243 2072 2273 itinere

294 2290 460 2320 intermisso.
505 2289 650 2328 Faernus,
674 2289 727 2327 qui
750 2298 787 2318 ex
808 2289 973 2327 veteribus,
995 2290 1028 2317 vt
1049 2288 1116 2326 ipse
1140 2289 1250 2326 aiebat,
1277 2288 1362 2317 libris
1384 2288 1462 2316 nulla
1480 2290 1566 2326 parte
1586 2288 1674 2316 noctis
1696 2287 1820 2316 volebat
1847 2286 1963 2325 reponi,
1993 2294 2070 2323 quos

447 2443 475 2475 *)
494 2441 591 2469 Verba
609 2442 795 2482 insequentia,
815 2442 944 2476 quamvis
962 2441 1066 2468 litteris
1081 2441 1204 2468 cursivis
1215 2448 1360 2475 expressa,
1379 2447 1414 2467 ex
1431 2439 1543 2467 Isidoro
1562 2447 1620 2467 non
1639 2440 1742 2467 hausta
1761 2441 1836 2474 sunt,
1854 2438 1907 2466 sed
1924 2437 1962 2466 ad
1979 2437 2070 2473 ipsum

297 2476 460 2504 Carrionem
478 2477 613 2504 videntur
630 2477 782 2511 pertinere.
