2138 2748
0 1515 2 1525 ι

0 1529 4 1536 ι
34 1535 37 1539 .

959 251 996 283 13

91 351 195 385 fuhlte
219 351 291 384 sich
312 352 348 394 ja
369 361 430 384 vor
452 351 511 384 der
534 351 605 384 Zeit
627 352 688 384 alt:
713 363 737 384 s.
763 362 801 385 zu
825 353 878 386 od.
902 354 937 386 11.
965 355 1012 393 11,
1039 353 1096 393 15⁹,
1119 355 1243 387 additis
1266 355 1376 388 verbis
1404 366 1457 388 me
1486 356 1619 398 quidem
1649 357 1756 389 iudice
1785 368 1855 390 rem

90 413 152 437 acu
183 403 413 445 tangentibus:
442 401 533 435 ‘Jede
561 403 763 445 Aenderung
796 405 854 436 des
883 405 1086 438 Wortlautes
1121 407 1180 438 der
1213 406 1484 448 Ueberliet'erung
1517 408 1665 440 verdirbt
1698 409 1854 450 lediglich

91 454 158 488 den
190 453 293 488 Sinn'.
348 455 417 487 Iam
451 464 560 496 spem,
594 464 669 487 cum
703 455 882 488 Gustavum
916 456 1110 497 Kstrgerum,
1145 458 1250 490 virum
1283 458 1481 499 prudentem
1514 462 1613 501 atque
1647 460 1681 492 in
1714 460 1854 492 Horatio

90 505 146 539 diu
167 507 345 546 versatum,
369 505 424 547 qui
446 505 543 538 unice
567 506 667 538 etiam
698 516 786 539 nunc
808 507 1047 540 Herbstianum
1075 509 1155 541 illud
1179 505 1312 542 ‘ustum'
1342 510 1375 541 in
1405 510 1551 542 editione
1575 521 1634 543 sua
1662 511 1855 550 novissima,

88 557 266 590 undecima
289 557 359 590 scil.
382 567 411 590 a.
431 557 521 596 1885,
545 557 698 596 servavit,
717 554 852 599 ‘aptum'
878 559 923 591 illi
947 559 982 591 in
1003 560 1157 601 proxima
1180 561 1288 593 locum
1311 561 1460 593 debitum
1483 562 1592 594 denuo
1616 572 1854 595 concessurum

89 608 205 651 esse„
227 611 298 642 tum
319 618 379 641 vos
403 609 660 648 commilitones,
694 609 756 641 hac
780 610 917 642 deloco
948 611 1003 643 illo
1037 613 1285 645 narratiuncula
1318 623 1385 644 non
1420 613 1530 645 minus
1564 624 1661 655 quam
1696 614 1736 646 iis
1769 624 1854 656 quae

87 660 293 702 praecedunt
320 660 459 693 edoctos
488 662 521 693 et
549 660 584 692 in
614 661 688 693 aliis
718 661 936 703 scriptoribus
965 663 1099 695 Graecis
1128 664 1320 705 Latinisque
1349 666 1382 696 et
1405 664 1438 696 in
1461 665 1611 702 Horatio.
1640 666 1706 707 qui.
1729 668 1764 697 ut
1789 665 1853 698 iam

89 721 190 754 supra
216 711 324 754 questi
351 721 482 750 sumus,
511 721 586 744 cum
607 712 717 753 poetis
741 713 903 746 scaenicis
927 714 1062 747 Graecis
1084 715 1229 747 maxime
1262 725 1331 747 non
1354 718 1483 748 tantum
1515 716 1760 754 audacioribus.
1794 717 1853 749 sed

89 772 190 806 saepe
212 764 314 799 etiam
337 764 475 797 omnino
500 764 674 805 superfluis
698 766 797 806 atque
821 765 942 806 ineptis
959 766 1159 798 coniecturis
1183 766 1277 798 adfici
1290 769 1389 808 atque
1412 767 1499 799 infici
1517 768 1612 806 solet,
1636 768 1853 800 recensendis

88 816 187 858 atque
209 815 428 848 emendandis
452 825 520 848 non
535 816 675 848 licenter
690 818 886 857 evagaturos
910 828 985 850 esse
1007 819 1094 850 ultra
1109 819 1271 850 terminos
1294 819 1358 851 arti
1378 819 1512 851 criticae
1536 821 1625 851 recte
1640 819 1852 852 adhibendae

89 866 299 900 constitutos.
343 867 507 900 Sermone
535 869 646 900 autem
679 868 833 900 familiari
867 870 964 901 utens
997 870 1109 910 paullo
1138 870 1244 902 laxius
1278 870 1360 902 haec
1394 870 1507 902 omnia
1539 871 1721 911 procedere
1754 871 1853 908 volui,

87 917 253 960 opinatus,
288 918 514 951 commodiore
548 919 612 951 hac
640 919 770 952 dicendi
802 919 931 952 ratione
959 930 1007 958 ea,
1036 931 1120 962 quae
1142 921 1237 953 vobis
1272 922 1564 954 commendaturus
1598 932 1700 960 eram,
1734 922 1852 955 melius

86 970 269 1004 memoriae
279 972 411 1003 vestrae
425 970 630 1003 insinuatum
642 973 741 1012 atque
756 971 955 1004 inculcatum
970 972 1019 1006 iri.
1044 973 1079 1005 ld
1090 982 1169 1004 vero
1182 972 1279 1005 unice
1292 973 1353 1005 hac
1367 973 1593 1014 disputatione
1609 973 1738 1006 efficere
1754 973 1853 1006 volui.

234 1126 259 1161 ⁸)
277 1126 445 1161 Scripturam
468 1126 596 1154 traditam
620 1134 654 1153 eo
678 1129 751 1154 certe
775 1127 880 1154 cautior
904 1127 1023 1154 servavit
1040 1127 1177 1154 Lucianus
1196 1127 1294 1154 Maller
1317 1127 1399 1154 etiam
1418 1127 1445 1154 in
1464 1127 1622 1154 novissimis
1641 1127 1808 1154 editionibus
1825 1136 1851 1155 a.

87 1169 155 1198 187⁹
165 1171 194 1197 et
206 1169 281 1202 1886,
300 1169 328 1197 in
346 1170 396 1197 illa
413 1172 507 1197 tamen
526 1170 750 1198 adnotationibus
768 1171 902 1198 instructa
921 1171 1026 1198 addens
1045 1180 1070 1205 p.
1083 1171 1174 1203 Lxlv,
1193 1171 1334 1205 eleganter
1353 1174 1381 1197 et
1399 1173 1429 1197 ut
1447 1171 1498 1197 sibi
1517 1171 1627 1204 quidem
1647 1171 1771 1198 videatur
1788 1179 1853 1198 vere

87 1212 225 1241 solibus
251 1212 320 1240 illud
347 1215 458 1240 ustum
477 1213 512 1240 ab
538 1213 667 1240 Herbstio
692 1214 833 1241 inventum
855 1222 930 1245 essm
959 1215 1057 1248 quodsi
1085 1214 1300 1249 Porphyrionem
1327 1214 1365 1240 ita
1392 1214 1492 1247 legisse
1518 1214 1662 1248 probabile
1689 1222 1751 1241 esse
1778 1214 1851 1245 dicit,

85 1256 176 1292 ipsum
194 1256 296 1284 lemma
313 1256 350 1284 ibi
368 1257 496 1284 traditum
515 1259 559 1284 est
573 1256 690 1284 'solibus
709 1256 807 1292 aptum'
834 1266 884 1285 nec
903 1258 1030 1284 dissentit
1053 1258 1106 1284 hoc
1124 1257 1159 1284 ab
1178 1257 1402 1291 interpretatione
1424 1257 1518 1284 addita
1536 1257 1661 1284 ‘solitum
1684 1257 1773 1284 iacere
1800 1258 1851 1284 sub

85 1299 147 1328 sole
165 1302 193 1327 et
211 1300 324 1328 chroma
341 1298 449 1328 sacere’.
486 1300 592 1334 Quodsi
610 1303 753 1335 praeterea
772 1303 835 1335 post
853 1301 923 1328 alios
942 1302 1019 1328 addit
1032 1300 1077 1327 'Et
1094 1301 1200 1335 Apulos
1218 1301 1263 1328 vel
1282 1301 1364 1328 hodie
1382 1301 1488 1328 solibus
1506 1303 1633 1335 perustos
1657 1303 1701 1328 sat
1724 1299 1851 1333 coustat',

85 1343 140 1371 hoc
158 1351 215 1372 nou
231 1343 322 1371 minu:
341 1344 377 1371 ad
389 1343 494 1378 Apulos
513 1352 596 1378 quam
606 1345 642 1371 ad
652 1353 748 1371 omnes
759 1347 854 1378 gentes
864 1345 917 1372 soli
926 1345 1078 1372 meridiano
1088 1344 1226 1371 subiectas
1236 1344 1360 1379 pertinet.
1390 1345 1495 1372 Ibidem
1513 1347 1605 1371 tamen
1625 1353 1675 1371 nec
1694 1344 1727 1372 Ο.
1745 1345 1851 1372 ualles-i

69 1386 275 1417 mniectnram
298 1395 502 1422 praeconum
521 1388 680 1415 sordibus
698 1390 810 1422 aptum
835 1389 970 1415 silendam
993 1396 1054 1415 esse
1078 1390 1180 1419 censet,
1208 1388 1272 1415 licet
1299 1396 1359 1415 earn
1387 1389 1524 1415 existimet
1550 1388 1762 1422 ingeniosiorem
1789 1397 1850 1415 esse

85 1438 170 1466 quam
186 1431 330 1463 veriorem,
354 1439 471 1466 quorum
490 1431 543 1459 boc
561 1431 650 1458 libens
670 1432 801 1463 concedo,
829 1432 1001 1466 ingeniosam
1027 1440 1102 1463 vero,
1126 1440 1193 1466 pace
1217 1431 1265 1458 viri
1289 1431 1466 1458 illustrissimi
1490 1434 1518 1458 et
1542 1432 1569 1458 in
1592 1432 1706 1458 Horatio
1725 1432 1783 1458 rere
1801 1432 1848 1459 hn-

85 1474 199 1505 bizanti-
217 1474 339 1507 dixefim,
358 1475 543 1502 coniecturam
560 1475 664 1502 habere
682 1483 799 1510 nequeo=
822 1484 894 1510 quae
912 1476 1002 1503 faceta
1020 1476 1069 1503 illa
1096 1477 1123 1502 et
1141 1475 1233 1509 lepida
1253 1477 1281 1502 et
1298 1475 1403 1502 Horatii
1422 1475 1508 1502 indoli
1527 1475 1670 1509 aptissima
1696 1475 1780 1502 verba
1806 1483 1851 1502 me

50 1542 54 1543 ⁷
84 1517 197 1554 quidem
213 1518 303 1546 iudice
321 1518 457 1546 desumat
475 1521 504 1545 et
521 1519 674 1553 detorquet.

235 1606 308 1639 Scr.
332 1605 548 1639 Vratislaviae
570 1617 613 1639 m.
637 1607 704 1639 Ian.
728 1617 757 1639 a.
781 1607 1097 1640 MDCCCLXXXIX.
