2138 2748
121 1503 250 1529 Morellus

207 1810 249 1836 Ru

1153 267 1173 304 6

274 364 355 406 int),
378 366 427 400 111.
452 364 521 407 (sol.
545 365 625 398 229Υ
649 363 826 399 inst—fol.
843 364 925 398 230v
942 365 1038 408 sup),
1062 368 1111 399 IV.
1136 367 1206 409 (fol.
1223 367 1328 409 230⁸),
1352 365 1402 399 VI.
1426 367 1496 408 (fol.
1513 366 1595 400 230v
1611 366 1821 401 med.-fol.
1845 368 1929 401 231ν
1954 367 2051 411 sup.),

273 419 308 449 II.
331 418 409 458 (fol.
432 419 516 450 233v
544 437 586 442 —
615 418 671 450 fol.
699 418 806 460 2360.
855 418 967 451 Voluit
989 419 1090 459 igitur
1111 419 1244 451 libellos
1271 421 1411 460 propter
1436 422 1669 459 argumentum
1700 422 1862 461 cognatos
1897 421 1986 453 inter
2015 430 2052 454 se

274 470 482 502 consociare.
526 470 598 502 Hoc
614 470 716 502 modo
733 471 887 502 effectum
905 472 966 509 est,
989 473 1025 502 ut
1042 467 1281 511 ‘Comparatio'
1306 480 1381 502 cum
1400 468 1586 502 ‘Menandri
1610 473 1642 503 et
1657 472 1867 504 Philemonis
1889 472 2051 504 Distichis

272 519 443 553 Parisinis'
472 531 576 553 unum
603 521 726 553 librum
754 521 884 554 efficere
912 522 1091 554 videretur.
1144 522 1300 554 Ceterum
1327 520 1354 560 Q
1388 524 1420 553 et
1448 520 1483 553 P
1505 522 1756 554 accuratissime
1783 522 1872 555 inter
1900 533 1936 555 se
1969 533 2052 555 con·

273 573 432 612 sentiunt,
456 583 519 605 nec
541 575 656 605 tamen
679 573 801 606 desunt
823 574 899 612 loci,
923 573 1043 615 quibus
1067 573 1173 605 codex
1200 572 1227 612 Q
1250 573 1296 604 ita
1318 574 1467 614 praestet
1490 573 1597 605 codici
1621 572 1661 613 P,
1690 575 1726 606 ut
1749 573 1830 615 quin
1852 574 1908 606 hic
1930 584 1971 607 ex
1992 574 2050 606 illo

271 625 495 665 transcriptus
519 625 572 664 sit,
601 625 745 656 dubitari
772 625 827 656 vix
854 625 979 665 possit:
1010 625 1050 656 cs.
1075 635 1159 666 quae
1186 625 1230 656 ad
1247 622 1540 665 ‘Comparationis’
1565 635 1682 657 versus
1712 625 1762 657 73.
1788 626 1858 657 126.
1884 626 1953 658 147.
1980 626 2051 658 184.

274 677 343 708 187.
370 677 431 708 190
453 678 487 708 et
509 676 552 708 ad
570 672 819 708 ‘Distichorum’
849 687 966 708 versus
989 677 1042 708 59.
1064 677 1105 708 62
1134 676 1381 708 adnotavimus.
1426 676 1591 708 Versuum
1613 676 1786 709 distinctio
1815 677 1851 708 in
1877 675 1939 716 ΟΡ
1958 677 2051 710 nulla

271 728 406 768 quidem
429 730 491 767 est,
514 738 584 760 non
607 730 721 760 tamen
743 737 850 768 pauca
866 729 1047 768 supersunt
1068 729 1194 768 puncta
1217 727 1251 759 in
1267 737 1425 759 versuum
1449 727 1604 766 confinio,
1629 727 1751 768 quibus
1773 728 1854 759 olim
1876 728 1912 759 in
1935 737 1986 767 eo,
2009 737 2050 760 ex

271 789 336 820 quo
364 778 391 818 Q
414 779 582 811 derivatus
607 781 668 818 est,
693 779 808 810 codice
831 781 888 811 aut
912 778 1087 819 deperdito
1111 780 1168 810 aut
1190 778 1312 810 alicubi
1341 778 1560 811 delitescente
1583 788 1740 811 versuum
1767 779 1851 811 fines
1875 779 2052 820 significati

271 832 376 862 erant.
421 831 458 862 In
482 831 555 862 solo
579 829 612 861 P
631 830 709 862 inde
733 841 752 862 a
774 840 874 862 versu
900 831 913 862 1
939 840 1045 871 usque
1072 830 1115 862 ad
1135 839 1270 867 versum
1298 829 1339 861 38
1363 829 1397 861 in
1419 829 1641 870 plurimorum
1669 839 1826 862 versuum
1858 830 1924 862 fine
1949 830 2052 863 etiam

270 882 394 914 lineola
427 884 519 914 recta
540 893 547 924 Ι
571 882 675 913 11111110
710 882 844 922 appicta
878 884 939 914 est.
983 882 1113 913 Desunt
1147 881 1182 912 in
1219 879 1281 919 QP
1311 880 1381 913 iota
1414 881 1605 922 subscripta
1633 881 1757 914 omnia.
1807 881 1845 914 In
1882 880 1910 921 Q
1936 881 2051 915 omnia⁴

270 935 372 965 verba
395 935 583 965 atramento
609 933 733 973 scripta
758 935 845 965 sunt.
889 933 1003 974 Itaque
1033 932 1192 974 quoniam
1211 930 1506 972 ‘Comparationis'
1537 935 1570 965 et
1593 929 1842 966 ‘Distichorum'
1873 935 2051 967 contextus

271 986 304 1017 in
332 984 394 1024 QP
414 986 543 1017 solutae
567 985 731 1017 orationis
756 985 902 1026 speciem
924 995 1006 1026 prae
1029 995 1066 1017 se
1088 984 1163 1023 fert,
1186 983 1309 1015 mirum
1333 994 1402 1015 non
1433 986 1494 1023 est,
1523 984 1613 1025 quod
1642 994 1711 1016 non
1739 986 1870 1017 tantum
1899 985 2050 1026 singulae

271 1037 400 1069 litterae
424 1038 456 1068 et
479 1036 611 1077 singula
632 1037 735 1068 verba
758 1039 916 1077 corrupta
945 1036 1005 1068 sed
1033 1036 1134 1068 etiam
1161 1035 1335 1067 vocabulis
1364 1035 1505 1067 licenter
1531 1035 1749 1077 transpositis
1778 1036 1830 1068 vel
1857 1036 1995 1069 omissis
2018 1038 2052 1069 et

272 1089 408 1120 insertis
431 1088 645 1129 glossematis
668 1088 811 1120 trimetri
836 1088 971 1120 iambici
994 1098 1015 1120 a
1037 1087 1182 1129 genuina
1205 1087 1315 1119 forma
1338 1086 1556 1119 multifariam
1584 1087 1707 1119 detorti
1731 1089 1820 1127 sunt,
1849 1087 1939 1129 quod
1961 1087 2051 1120 idem

271 1140 394 1172 sactum
411 1150 486 1172 esse
503 1140 537 1171 in
553 1150 670 1172 eorum
685 1150 843 1172 versuum
859 1139 1030 1179 memoria,
1055 1139 1110 1180 qui
1126 1138 1186 1171 τῶν
1209 1136 1287 1170 ἑπτὰ
1302 1140 1407 1179 σοφῶν
1423 1137 1658 1181 ἀποφθέγματα
1681 1139 1716 1171 111
1735 1138 1797 1178 QP
1809 1139 2048 1180 inscribuntur,

271 1192 369 1224 docui
394 1192 428 1223 in
447 1190 735 1223 ‘Wochenschrift
758 1191 810 1223 fur
832 1191 933 1223 klass.
956 1188 1150 1231 Philologie’
1177 1200 1207 1222 a.
1234 1190 1316 1222 1886
1337 1200 1369 1230 p.
1396 1190 1477 1222 1585
1501 1201 1574 1232 sqq.
1583 1190 1604 1232 ¹)

422 1243 599 1275 Librorum
632 1241 693 1281 QP
718 1243 880 1274 lectiones
911 1253 981 1274 non
1009 1242 1095 1274 male
1124 1251 1187 1273 nec
1215 1243 1330 1284 tamen
1358 1251 1498 1282 prorsus
1526 1244 1682 1274 accurate
1710 1242 1860 1274 enotavit
1885 1241 2051 1283 Rigaltius

270 1305 309 1326 ac
331 1295 455 1326 multos
478 1295 573 1326 locos
596 1294 715 1326 tacitus
740 1294 896 1326 correxit.
942 1294 1006 1332 Qui
1030 1294 1111 1335 quin
1134 1302 1251 1325 revera
1273 1292 1327 1324 his
1351 1292 1434 1333 ipsis
1458 1293 1630 1325 codicibus
1658 1292 1686 1332 Q
1711 1295 1744 1326 et
1767 1293 1801 1325 P
1819 1303 1901 1326 usus
1925 1293 1979 1334 sit,
2009 1304 2052 1326 ne

270 1346 350 1387 quid
379 1348 552 1377 remaneat
580 1345 811 1384 dubitationis,
850 1347 883 1378 et
910 1355 967 1377 eas
996 1345 1171 1384 lectiones,
1206 1354 1289 1385 quas
1318 1344 1353 1376 in
1385 1344 1460 1385 ipso
1487 1345 1667 1377 verborum
1700 1347 1860 1378 contextu
1888 1345 2050 1385 exhibuit,

271 1397 353 1436 „Rr‘
376 1397 497 1429 litteris
515 1397 728 1438 significatas,
753 1399 786 1429 et
802 1407 870 1435 eas,
894 1406 977 1438 quas
995 1397 1030 1428 in
1049 1392 1165 1428 ‘Notis’
1183 1396 1469 1435 commemoravit,
1493 1397 1664 1438 adscripto
1681 1397 1819 1429 nomine
1843 1396 2048 1437 „Rigaltius“

270 1459 388 1481 omnes
412 1449 683 1481 enumerabimus
707 1449 742 1480 in
765 1450 928 1489 apparatu
951 1447 1078 1480 critico.

417 1499 735 1541 ‘Comparationem’
765 1510 785 1531 a
807 1500 952 1540 Rigaltio
982 1509 1073 1531 anno
1104 1499 1184 1530 1613
1215 1498 1340 1530 editam
1368 1499 1483 1531 latinis
1513 1499 1666 1532 versibus
1694 1509 1784 1531 anno
1812 1499 1969 1540 proximo
1991 1509 2050 1532 ex-

269 1552 394 1593 pressit
431 1552 501 1583 Nic.
534 1551 710 1590 Morellus,
751 1551 844 1583 cuius
878 1551 1010 1583 libellus
1051 1550 1100 1582 sic
1139 1550 1352 1582 inscribitur:
1392 1551 1637 1589 „MENANDRI
1669 1551 1728 1583 ET
1767 1551 2049 1584 PHILISTIONIS

270 1603 543 1635 SENTENTIAE
569 1602 878 1635 COMPARATAE.
922 1602 1003 1634 NIC.
1031 1602 1272 1640 MORELLVS,
1301 1602 1502 1634 FEDERICI
1529 1603 1573 1634 fil.
1602 1602 1743 1644 Interpr.
1771 1602 1853 1643 Reg.
1898 1603 2050 1635 senariis

268 1655 370 1687 lamb.
393 1655 463 1687 Lat.
487 1654 663 1695 expressit.
708 1654 935 1693 LVTETIAE,
958 1654 1056 1695 Apud
1079 1653 1326 1685 FEDERICVM
1348 1654 1584 1686 MORELLVM
1612 1653 1961 1695 Architypographum
1982 1653 2050 1686 Re-

269 1707 367 1747 gium.
403 1706 617 1738 M.DC.XIV.“
662 1706 753 1738 Idem
777 1705 811 1737 in
831 1704 985 1738 ‘NOTIS'
1008 1715 1077 1737 non
1100 1706 1231 1737 tantum
1255 1704 1382 1745 aliquot
1404 1715 1562 1737 versuum
1585 1705 1840 1738 emendationes
1862 1706 2050 1747 proposuit,

270 1758 330 1789 sed
345 1757 446 1790 etiam
459 1756 750 1798 ‘Comparationis'
769 1767 886 1789 versus
909 1757 937 1788 7.
950 1757 1001 1788 43.
1015 1757 1066 1788 94.
1078 1756 1249 1789 201—204
1272 1766 1313 1788 ex
1328 1756 1528 1796 Rigaltianis
1540 1754 1656 1789 ‘Notis’
1673 1757 1840 1798 protraxit
1855 1759 1898 1790 et·
1909 1757 2049 1790 addidit.

421 1809 557 1850 Rigaltii
586 1810 618 1841 et
644 1809 773 1840 Morelli
801 1809 934 1840 libellos
970 1808 1121 1849 sequitur
1149 1807 1252 1839 editio
1278 1808 1504 1848 Rutgersiana
1533 1808 1645 1850 (nobis
1675 1808 1794 1850 „Ru“).
1838 1808 1947 1847 Quam
1973 1818 2049 1842 cum

269 1862 400 1892 curaret
423 1861 521 1892 Ianus
543 1861 688 1901 Rutgers
713 1860 800 1902 (Var.
824 1853 924 1899 Lect.‚
948 1870 977 1892 a.
1003 1860 1095 1899 1618,
1117 1869 1150 1900 p.
1174 1859 1236 1891 355
1260 1859 1334 1901 sq.)‚
1358 1860 1441 1892 haec
1465 1860 1535 1892 fere
1557 1860 1784 1901 praemonuit:
1807 1860 2048 1901 „Elegantissi-

268 1923 360 1944 mum
382 1912 472 1944 hunc
495 1912 644 1944 libellum
661 1922 678 1943 e
700 1911 906 1944 bibliotheca
921 1911 1026 1952 Regia
1047 1911 1177 1952 primus
1202 1911 1365 1952 evulgavit
1389 1936 1396 1943 .
1414 1936 1421 1943 .
1438 1936 1446 1943 .
1468 1911 1645 1952 Rigaltius,
1668 1921 1743 1944 cum
1766 1922 1832 1953 quo
1855 1911 2047 1944 arctissima

268 1963 349 1995 mihi
372 1963 583 1995 familiaritas
599 1963 748 1995 Lutetiae
772 1963 974 1995 intercessit.
1018 1962 1132 2004 Neque
1156 1962 1255 1994 nobis
1272 1962 1391 1994 fuisset
1414 1972 1509 2004 opus,
1533 1963 1652 1995 falcem
1668 1964 1821 1995 nostram
1844 1963 1879 1996 in
1901 1963 2046 1995 alienam

266 2025 412 2047 messem
436 2015 627 2054 immittere,
650 2014 717 2046 nisi
747 2015 957 2055 exemplar
984 2015 1104 2055 longe
1127 2014 1287 2046 auctius
1310 2013 1401 2046 nacti
1423 2014 1616 2046 fuissemus.
1633 2038 1641 2046 .
1659 2039 1666 2046 .
1684 2039 1691 2046 .
1720 2015 1770 2047 De
1789 2015 1936 2047 Auctore
1959 2015 2044 2047 nihil

267 2067 428 2108 comperti
452 2067 626 2099 habemus.
669 2066 820 2098 Alteram
842 2067 963 2098 harum
982 2066 1234 2099 Sententiarum
1253 2067 1384 2106 partem
1399 2065 1574 2098 Menandri
1598 2076 1684 2106 esse,
1711 2067 1748 2098 ut
1771 2065 1887 2099 titulus
1910 2066 2047 2106 indicat,

266 2118 475 2150 admirabilis
505 2128 620 2150 earum
646 2118 743 2159 lepos
772 2128 810 2150 ac
838 2120 998 2150 venustas
1027 2118 1160 2150 evincit.
1210 2117 1360 2149 Alteram
1388 2127 1468 2149 non
1496 2117 1780 2156 Philistionis,
1810 2117 1882 2150 sed
1909 2117 2047 2150 Phile-

267 2170 399 2202 monis
424 2180 508 2209 esse,
533 2170 616 2202 satis
639 2169 827 2210 argumenti
851 2170 904 2209 sit,
929 2169 1018 2211 quod
1041 2179 1156 2201 earum
1179 2169 1303 2201 multae
1327 2169 1388 2201 sub
1417 2168 1488 2201 eius
1512 2169 1650 2201 nomine
1673 2169 1817 2201 citentur
1843 2179 1864 2201 a
1886 2169 2044 2202 Stobaeo.
2086 2165 2090 2172 '

268 2222 309 2253 Et
331 2221 463 2254 videtur
485 2221 584 2254 huius
609 2221 858 2262 compilationis
881 2223 998 2253 auctor
1024 2221 1107 2253 illud
1134 2231 1205 2262 par,
1229 2220 1320 2261 quod
1348 2219 1428 2252 olim
1458 2220 1494 2252 in
1523 2220 1633 2253 Scena
1661 2230 1795 2261 semper
1817 2221 2044 2260 concurrerat,

269 2283 384 2305 rursus
415 2273 593 2314 confligere
622 2273 780 2305 voluisse.
829 2272 958 2305 Horum
992 2272 1167 2304 nominum
1202 2271 1356 2304 confusio
1390 2271 1469 2303 inde
1497 2271 1630 2304 videtur
1656 2274 1746 2311 orta,
1781 2271 1872 2313 quod
1898 2271 2045 2304 auctoris

267 2334 391 2356 nomen
407 2325 532 2365 >primis
555 2326 687 2356 tantum
710 2324 817 2356 literis
847 2324 1058 2365 designatum
1093 2325 1195 2356 erat.“
1246 2323 1288 2355 Et
1314 2322 1467 2363 profecto
1494 2325 1612 2355 auctus
1643 2323 1778 2364 quidem
1807 2325 1860 2356 est
1886 2333 2046 2356 numerus

265 2385 432 2415 versuum,
457 2376 485 2407 si
510 2386 585 2407 cum
607 2375 650 2407 Ri
675 2375 867 2408 contuleris.
910 2375 995 2407 Nam
1018 2376 1071 2406 Ru
1095 2374 1139 2415 (p.
1163 2374 1226 2406 356
1247 2393 1290 2398 —
1311 2385 1343 2416 p.
1368 2375 1442 2415 367)
1471 2375 1534 2406 hos
1562 2375 1699 2407 exhibet
1728 2376 1865 2407 nostrae
1887 2374 2045 2407 editionis

265 2437 398 2459 versus:
423 2423 716 2468 ‘Comparationis’
746 2437 863 2459 versus
895 2427 1008 2459 1-26,
1036 2427 1174 2458 29—38.
1202 2426 1340 2458 41—52.
1369 2426 1507 2458 59-65,
1533 2436 1637 2458 unum
1665 2436 1800 2459 versum
1827 2436 1869 2458 ex
1896 2426 2044 2458 Stobaeo

422 2504 440 2538 ¹)
477 2505 590 2531 Errores
610 2513 627 2531 a
645 2505 818 2539 typographo
842 2504 870 2530 in
889 2504 936 2530 illa
954 2503 1187 2530 commentatione
1207 2503 1370 2530 commissos
1383 2503 1541 2530 enumeravi
1559 2503 1588 2530 in
1602 2502 1811 2531 'Wochenschn
1830 2503 1848 2531 f.
1866 2502 1949 2531 nass,
1966 2499 2044 2530 Phil?

266 2556 289 2574 3.
311 2548 376 2574 1887
397 2557 421 2582 p.
442 2548 488 2579 94;
509 2549 579 2574 adde
599 2549 673 2581 quod
693 2548 720 2574 in
739 2547 1010 2581 Apophthegmatum
1028 2555 1108 2573 versu
1127 2547 1180 2573 218
1198 2547 1226 2573 iu
1247 2546 1297 2581 QP
1312 2555 1367 2572 11011
1387 2544 1559 2579 ἀντεξουσίως
1577 2548 1706 2574 traditum
1725 2549 1775 2579 est.
1793 2547 1844 2573 sed
1862 2544 2045 2580 αὐτεξουσίως.
