2138 2748
966 273 986 304 5

93 377 188 420 quasi
216 377 347 419 pruritu
374 375 545 409 oriundos.
591 375 708 408 Eidem
736 375 806 408 fere
835 375 1021 409 studiorum
1050 377 1170 409 rationi
1200 377 1298 410 nimis
1327 378 1409 410 artis
1438 378 1559 411 finibus
1587 378 1858 419 circumscriptae

93 429 181 462 inter
201 428 380 470 populares
404 437 520 460 eorum
541 427 720 460 manifesto
743 427 799 460 alii
827 427 916 460 haud
949 428 1045 468 pauci
1080 428 1234 461 homines
1268 428 1357 461 docti
1392 430 1425 461 et
1458 431 1529 461 tum
1561 429 1665 461 dediti
1699 431 1793 461 erant
1825 431 1858 462 et

93 481 284 514 etiamnunc
306 479 409 513 dediti
433 481 524 512 sunt:
548 479 730 520 scriptores
758 479 828 511 sive
851 479 996 512 Graecos
1025 480 1095 512 sive
1116 479 1254 512 Latinos
1282 479 1442 521 deinceps
1470 480 1635 522 arripiunt
1663 490 1788 522 eosque
1815 480 1858 513 ad

93 542 247 566 normam
270 532 339 566 fere
361 531 452 564 illam
475 530 644 563 similesve
666 531 756 571 leges
779 530 870 563 haud
892 540 968 563 raro
993 531 1092 564 nimis
1117 531 1269 564 celeriter
1291 541 1330 564 ac
1359 532 1556 565 festinanter
1573 532 1774 565 constitutas
1794 541 1857 574 pro

92 587 191 626 gustu
205 593 372 626 sensuque
389 593 450 616 suo
473 583 649 615 immutare
673 582 817 615 student.
854 582 967 624 Neque
990 583 1079 623 apud
1101 583 1197 624 alios,
1219 585 1388 616 nostrates
1411 583 1575 624 imprimis
1597 585 1697 625 atque
1719 583 1858 624 Anglos,

93 636 227 675 deesse,
256 635 312 677 qui
341 634 442 668 simili
470 634 681 667 coniectandi
711 633 866 675 cupidine
894 634 1023 667 incensi
1053 637 1183 667 veteres
1213 635 1394 676 scriptores
1424 637 1458 668 et
1485 635 1630 668 Graecos
1658 637 1691 668 et
1719 635 1857 668 Latinos

93 687 219 721 nullam
245 686 346 720 aliam
369 686 412 720 ob
435 695 572 718 causam
595 687 748 724 tractent,
772 685 838 718 nisi
859 687 896 718 ut
919 687 1128 719 coniecturas
1158 686 1292 725 saciant,
1322 696 1422 727 saepe
1455 687 1566 719 minus
1594 687 1715 719 eruditi
1744 687 1791 719 illi
1817 697 1858 719 ac

92 747 229 781 sagaces
255 737 484 780 quamBatavi
506 747 582 770 esse
605 737 726 776 solent,
748 747 817 770 uon
840 739 892 770 est
914 738 1003 779 quod
1026 748 1084 771 eos
1107 738 1256 777 doceam,
1279 738 1335 779 qui
1359 738 1420 770 has
1443 738 1571 771 litteras
1593 741 1722 771 attento
1744 738 1857 771 animo

92 792 350 834 prosequuntur.
391 789 464 829 Quo
489 799 530 822 ex
553 789 664 821 studio
687 789 807 822 multas
830 789 1033 830 probabiles,
1056 790 1179 829 aliquot
1202 790 1368 832 palmares
1392 789 1645 822 emendationes
1668 792 1760 823 ortas
1782 799 1858 822 esse

91 852 192 876 nemo
225 841 374 883 negabit;
409 841 470 874 sed
507 840 613 873 multo
652 841 765 882 plures
805 840 983 874 verborum
1017 841 1051 873 in
1085 841 1220 883 optimis
1254 841 1348 874 libris
1386 841 1624 883 manuscriptis
1658 842 1857 875 traditorum

91 894 294 928 mutationes
317 892 472 935 operaria
494 892 563 925 fere
586 892 652 931 illa,
675 894 712 925 ut
735 892 781 925 ita
803 892 922 932 dicam,
946 893 1076 925 ratione
1098 903 1260 934 procusas
1284 893 1418 925 inutiles
1442 903 1515 926 esse
1541 895 1640 934 atque
1663 893 1857 926 arbitrarias

91 947 179 980 inter
212 955 330 979 omnes
364 945 556 987 philologos
587 944 694 977 iustae
723 954 761 977 ac
786 954 921 977 severae
955 947 1084 977 veteres
1118 945 1299 986 scriptores
1333 945 1499 978 tractandi
1532 945 1691 978 methodo
1725 945 1857 978 deditos

91 999 234 1033 constat.
277 997 362 1031 Nam
389 996 445 1038 qui
467 1006 529 1038 per
543 996 782 1029 Immanuelem
798 996 981 1029 Bekkerum
1005 1006 1044 1029 ac
1060 996 1216 1029 Carolum
1232 996 1483 1029 Lachmannum
1507 1006 1686 1038 eorumque
1709 997 1857 1030 asseclas

90 1059 130 1084 ac
141 1049 324 1091 discipulos
336 1049 424 1081 hanc
437 1047 632 1080 methodum
646 1048 740 1089 sequi
756 1047 846 1080 docti
859 1050 946 1087 sunt,
958 1050 1029 1080 tum
1041 1047 1173 1080 demum
1187 1048 1230 1080 ad
1241 1048 1444 1081 mutationes
1456 1048 1669 1089 temptandas
1685 1048 1857 1087 accedunt,

92 1101 122 1136 si
159 1111 289 1135 conexu
325 1099 568 1133 sententiarum
602 1101 755 1132 accurate
794 1109 833 1132 ac
868 1099 940 1132 sine
980 1099 1139 1140 opinione
1176 1099 1405 1140 praeiudicata
1439 1099 1629 1132 examinato
1663 1099 1857 1141 legibusque

90 1152 317 1196 grammaticis
341 1152 410 1184 sive
425 1151 469 1184 ad
484 1151 632 1192 linguam
654 1151 846 1184 universam
869 1151 938 1183 sive
960 1150 1004 1183 ad
1025 1161 1109 1190 eam,
1134 1161 1199 1193 qua
1221 1151 1365 1192 scriptor
1386 1151 1499 1191 utitur,
1522 1151 1700 1184 dialectum
1723 1151 1792 1183 sive
1814 1150 1857 1184 ad

90 1215 195 1248 genus
229 1203 363 1237 dicendi
395 1203 507 1245 operis
540 1202 664 1244 poetici
697 1203 749 1235 vel
782 1203 948 1244 pedestris
977 1203 1019 1235 ab
1043 1213 1082 1235 eo
1107 1202 1284 1244 compositi
1308 1203 1377 1235 sive
1400 1203 1543 1244 denique
1566 1202 1609 1235 ad
1630 1212 1728 1235 usum
1751 1202 1856 1244 ipsius

89 1256 261 1299 proprium
284 1265 323 1289 ac
351 1254 554 1296 peculiarem
587 1254 833 1295 pertinentibus
867 1254 1044 1295 diligenter
1070 1254 1302 1296 pervestigatis
1332 1256 1457 1287 rectam
1486 1254 1728 1296 interpretandi
1755 1254 1858 1287 verba

89 1307 214 1342 tradita
241 1307 330 1340 viam
352 1306 437 1339 inire
460 1305 669 1348 nequeunt.*)
715 1306 802 1339 Dum
826 1306 924 1347 igitur
947 1306 994 1338 illi
1017 1316 1198 1348 numquam
1222 1306 1294 1339 sine
1317 1306 1483 1339 modestia
1509 1306 1621 1348 aliqua
1641 1308 1741 1348 atque
1763 1315 1857 1338 vere-

91 1360 212 1394 cundia
232 1358 429 1401 procedunt,
453 1358 488 1390 hi
501 1358 652 1399 quamvis
677 1358 758 1390 satis
782 1357 872 1390 docti
887 1358 1036 1399 plerique
1052 1368 1090 1390 ac
1105 1357 1327 1399 perspicaces,
1343 1357 1445 1390 nimis
1461 1367 1562 1399 saepe
1578 1357 1702 1399 ingenii
1721 1357 1856 1390 dotibus

90 1411 268 1445 abutentes
290 1409 359 1452 igni
382 1410 537 1450 ferroque
560 1409 679 1442 muniti
702 1409 906 1442 reverendos
929 1409 1137 1450 antiquitatis
1163 1411 1267 1442 testes
1297 1411 1329 1442 et
1351 1409 1496 1442 Graecos
1525 1411 1558 1442 et
1579 1409 1717 1442 Latinos
1740 1419 1856 1450 aggre-

91 1463 227 1496 diuntur
248 1464 348 1504 atque
370 1461 509 1494 vulnera
531 1460 573 1493 iis
602 1470 663 1502 pro
693 1460 850 1494 remediis
880 1461 1041 1502 infligunt.
1087 1460 1170 1494 Cum
1203 1462 1314 1494 autem
1348 1463 1501 1494 nostrum
1536 1461 1590 1500 sit,
1623 1461 1855 1494 adulescentes

91 1525 190 1549 curae
222 1515 359 1547 nostrae
380 1512 524 1545 traditos
558 1512 602 1545 ad
624 1512 936 1554 interpretationem
958 1515 1130 1554 artemque
1154 1513 1304 1546 criticam
1328 1515 1416 1546 recte
1447 1512 1669 1546 exercendam
1691 1512 1857 1545 adducere

89 1569 189 1609 atque
216 1566 251 1599 id
274 1575 344 1599 non
364 1564 552 1607 praeceptis
574 1566 715 1603 tantum,
740 1564 799 1597 sed
822 1565 983 1606 exemplis
1011 1575 1142 1607 quoque
1170 1567 1203 1598 et
1232 1565 1418 1598 imitatione
1441 1565 1550 1606 dignis
1573 1567 1607 1597 et
1628 1564 1794 1606 fugiendis
1816 1573 1856 1597 ac

90 1619 238 1652 vitandis
251 1617 323 1651 fieri
346 1617 476 1655 debeat,
499 1626 569 1648 non
591 1617 652 1648 ahs
676 1626 712 1648 re
735 1626 810 1648 esse
826 1616 905 1648 duxi
920 1617 983 1650 hac
999 1617 1168 1649 scribendi
1185 1617 1386 1650 necessitate
1411 1617 1494 1649 mihi
1521 1616 1678 1658 imposita
1703 1615 1856 1656 exempla

35 1699 38 1704 ,
59 1690 68 1698 r
90 1670 217 1712 aliquot
242 1678 434 1711 proponere
461 1667 601 1700 rationis
628 1667 717 1700 illius
746 1668 867 1700 litteris
895 1667 948 1701 his
971 1668 1108 1707 nostris,
1142 1670 1178 1700 ut
1210 1668 1366 1706 arbitror,
1400 1678 1468 1700 non
1502 1667 1604 1706 utilis,
1638 1677 1722 1708 quae
1756 1676 1856 1707 saepe

91 1732 175 1756 sana
202 1721 291 1754 delet
313 1722 412 1762 atque
435 1719 525 1752 haud
547 1729 623 1752 raro
646 1719 758 1752 minus
782 1729 866 1752 sana
881 1719 1009 1752 inserit.
1053 1719 1137 1752 Nam
1152 1729 1257 1761 genus
1274 1720 1338 1752 hoc
1354 1719 1573 1760 scriptionum
1588 1718 1855 1751 academicam

91 1773 255 1816 imprimis
294 1772 378 1814 ipsis
417 1771 703 1804 commilitonibus
742 1771 869 1804 nostris
913 1771 1105 1804 erudiendis
1150 1771 1353 1804 destinatum
1398 1771 1542 1803 maxime
1582 1770 1664 1802 mihi
1698 1770 1855 1802 idoneum

91 1825 220 1858 videtur
241 1824 285 1858 ad
307 1834 348 1856 ea
368 1822 599 1865 proponenda,
633 1832 717 1864 quae
752 1823 792 1855 iis
826 1823 1038 1864 potissimum
1072 1823 1222 1855 dicamus
1256 1825 1290 1855 et
1321 1823 1364 1855 ab
1398 1822 1439 1855 iis
1473 1822 1537 1863 legi
1570 1824 1669 1863 atque
1702 1821 1855 1863 usurpari

91 1879 260 1919 optamus,
301 1878 400 1917 atque
439 1875 504 1907 hoc
542 1874 757 1920 potissimum
797 1875 1018 1908 cummaxime
1057 1876 1092 1907 in
1126 1875 1214 1907 hanc
1247 1874 1619 1907 commentatiunculam
1653 1873 1757 1912 cadit,
1790 1883 1856 1914 qua

90 1929 243 1970 exempla
280 1928 336 1960 illa
373 1937 414 1960 ex
448 1928 549 1968 poeta
584 1926 738 1960 Romano
775 1929 899 1968 petam,
936 1937 1035 1968 quem
1071 1937 1132 1968 per
1169 1927 1261 1968 ipsos
1298 1927 1361 1959 hos
1395 1936 1529 1958 menses
1562 1926 1709 1958 aestivos
1741 1924 1855 1957 adule-

92 1980 264 2014 scentibus
286 1979 406 2017 harum
428 1979 614 2012 litterarum
638 1978 798 2011 studiosis
821 1978 1100 2019 interpretaturus
1123 1988 1206 2010 sum.

241 2043 339 2083 Quod
353 2044 548 2085 Propertius
565 2043 626 2085 (111.
643 2043 694 2082 24,
709 2043 760 2085 19)
777 2042 953 2075 exclamat:
972 2041 1078 2075 ‘Mens
1095 2043 1194 2081 bona,
1218 2042 1246 2074 si
1262 2052 1327 2084 qua
1349 2042 1411 2074 dea
1434 2051 1481 2081 es,
1503 2044 1561 2074 tua
1582 2051 1636 2073 me
1658 2041 1692 2074 in
1709 2040 1856 2074 sacraria

91 2095 202 2135 donoi,
224 2096 290 2129 hoc
302 2105 436 2137 semper
446 2095 618 2136 philologo
642 2094 791 2127 criticam
808 2096 914 2127 artem
931 2094 1098 2127 exercenti
1113 2096 1248 2135 praesto
1265 2104 1340 2126 esse
1356 2094 1464 2132 debet,
1488 2093 1564 2132 nisi,
1580 2093 1669 2135 quod
1684 2093 1855 2125 rarissime

90 2147 212 2187 evenit,
235 2147 264 2180 is
289 2147 443 2189 scriptor,
467 2147 519 2179 cui
543 2147 766 2179 cummaxime
789 2156 926 2187 operam
950 2146 1016 2185 dat,
1040 2146 1110 2178 sive
1133 2146 1204 2187 ipse
1227 2155 1247 2178 a
1262 2148 1374 2178 mente
1397 2146 1487 2177 bona
1508 2145 1687 2177 destitutus
1710 2146 1762 2176 est
1785 2144 1855 2176 sive

91 2199 134 2232 ab
165 2208 205 2232 ea
234 2198 430 2231 destitutum
454 2208 491 2231 se
514 2208 589 2231 esse
611 2198 714 2239 fingit.
759 2197 832 2236 Quo
866 2197 971 2238 magis
1005 2207 1085 2229 vero
1119 2197 1260 2238 simplex
1295 2199 1327 2228 et
1361 2197 1472 2229 nativa
1507 2196 1681 2237 scriptoris
1714 2195 1854 2228 alicuius

90 2250 222 2284 indoles
245 2252 306 2290 est,
330 2260 370 2283 eo
393 2250 580 2282 accuratius
603 2250 690 2282 hanc
714 2250 820 2291 legem
843 2259 977 2282 servare
999 2251 1142 2290 oportet,
1166 2249 1212 2280 ita
1234 2248 1371 2286 scilicet,
1394 2250 1430 2280 ut
1451 2248 1493 2280 ab
1516 2248 1696 2280 artificiosa
1718 2249 1751 2279 et
1774 2256 1855 2279 con-

90 2304 180 2335 torta
193 2302 264 2334 eius
275 2301 379 2334 verba
390 2311 466 2334 cum
477 2301 730 2342 interpretandi,
746 2303 827 2339 tum,
843 2301 872 2333 si
889 2302 1045 2342 corrupta
1060 2301 1223 2339 videntur,
1239 2300 1439 2332 emendandi
1456 2299 1585 2332 ratione
1601 2298 1854 2340 diligentissime

97 2363 283 2386 caveamus.
327 2353 381 2386 Ad
408 2354 472 2385 hos
496 2353 689 2394 scriptores,
724 2353 790 2394 qui,
813 2354 849 2384 ut
883 2362 957 2384 cum
991 2353 1065 2394 ipso
1096 2353 1196 2392 poeta
1227 2352 1353 2393 loquar,
1386 2351 1626 2392 perlucidiores
1659 2352 1737 2382 sunt
1769 2350 1856 2382 vitro

241 2517 265 2551 ⁸)
294 2517 370 2545 Idem
393 2518 468 2552 quod
487 2518 541 2544 hoc
559 2517 622 2544 loco
641 2517 676 2544 ab
695 2519 754 2544 arte
772 2517 866 2544 critica
885 2517 920 2543 ad
939 2524 1094 2543 sermonem
1113 2516 1268 2551 pertinente
1287 2516 1443 2550 postulatur
1461 2515 1542 2542 eti-sn
1565 2515 1599 2542 ad
1624 2515 1705 2542 crisin
1728 2515 1854 2548 logie-m,

90 2561 258 2593 historic-sn.
276 2561 457 2590 aestheticam
474 2561 587 2588 mutatis
604 2560 743 2588 mutandis
762 2563 887 2595 spectare
905 2568 955 2595 per
966 2567 997 2587 se
1015 2562 1098 2594 patet.
