2138 2748
743 574 928 624 lflcfflt'n
961 573 1223 623 SGRlP'l'olttS

359 673 701 713 ΜΕΝΑΝΔΡΟΥ
748 672 849 710 KAI
890 670 1276 709 ΦΙΛΙΣΤΙΩΝΟΣ
1316 670 1613 708 ΣΥΓΚΡΙΣΙΣ

737 761 836 797 CVM
868 759 1230 797 APPENDICIBVS.

245 881 426 924 Μενάνδρου
448 882 504 914 καὶ
526 880 724 919 Φιλιστίωνος
746 879 911 923 Σύγκρισις
934 880 1003 912 sive
1022 878 1209 912 ‘Menandri
1233 881 1266 911 et
1289 878 1499 911 Philistionis
1523 875 1747 920 Comparatio'
1772 879 1873 911 hodie

95 934 138 968 ab
154 935 311 968 omnibus
326 935 466 967 vocatur
481 944 520 965 ca
535 933 598 965 238
613 933 843 965 trimetrorum
860 932 1079 964 iambicorum
1096 931 1280 971 congeries,
1304 941 1390 972 quac
1405 931 1447 963 ab
1465 931 1545 962 Iano
1561 931 1705 971 Rutgers
1720 932 1870 972 Lugduni

96 986 298 1019 Batavorum
322 995 412 1018 anno
438 985 520 1017 1618
543 985 632 1017 edita
655 986 707 1016 est
737 984 771 1016 in
795 983 967 1015 Variarum
991 983 1186 1015 Lectionum
1217 983 1303 1014 libro
1327 985 1447 1023 quarto
1476 982 1520 1023 (p.
1544 982 1737 1024 356-367).
1782 983 1872 1015 Con-

94 1037 186 1071 fusas
214 1040 326 1070 autem
355 1047 431 1070 esse
458 1037 521 1069 hac
556 1036 712 1077 congerie
746 1035 829 1067 duas
858 1035 1087 1067 trimetrorurn
1116 1034 1301 1066 Menandro
1341 1036 1374 1066 et
1402 1033 1593 1065 Philistioni
1626 1034 1871 1075 adscriptorum

94 1089 310 1123 collectiones
334 1089 485 1121 diversas
509 1098 549 1120 ex
578 1088 627 1120 eis
656 1086 840 1129 apparebit,
870 1096 954 1128 quae
983 1087 1024 1118 de
1042 1081 1336 1127 ‘Comparationis'
1367 1085 1515 1117 editione
1543 1085 1695 1126 principe
1724 1088 1757 1118 ct
1780 1087 1872 1118 codi-

95 1141 188 1174 cibus
212 1141 326 1174 statim
349 1141 568 1182 exponentur.

249 1209 399 1243 Primum
439 1209 528 1241 enim
569 1208 659 1241 edita
699 1209 750 1240 est
790 1204 1070 1247 „MENANAPOY
1108 1206 1164 1237 καὶ
1202 1204 1486 1237 ΦΙΛῙΣΤΙΩΝΟΣ
1525 1204 1666 1247 γνωμικὴ
1705 1205 1871 1248 σύγκρισις,
1890 1206 1923 1233 Ri

98 1260 321 1294 MENANDRI
358 1263 391 1294 et
423 1259 705 1293 PHILISTIONIS
747 1259 934 1291 sententiae
974 1249 1197 1299 comparatae.
1242 1265 1287 1292 Ex
1307 1265 1486 1292 BIBLIOTH.
1514 1265 1629 1291 REGIA.
1679 1267 1758 1289 cura
1790 1257 1871 1290 NlC.

98 1313 295 1346 RIGALTII.
322 1312 549 1351 LVTETIAE,
573 1311 768 1344 Excudebat
789 1311 875 1343 Rob.
898 1310 1100 1351 Stephanus
1135 1309 1203 1342 Clo
1217 1309 1256 1342 10
1271 1309 1410 1341 CXIII.“
1454 1309 1680 1341 Praefationis
1702 1309 1777 1341 loco
1795 1309 1870 1341 huic

100 1363 239 1398 editioni
261 1363 406 1406 principi
429 1362 541 1406 (nobis
565 1361 665 1404 „Ri“)
684 1361 872 1404 praemissa
894 1372 915 1394 a
929 1361 1074 1402 Rigaltio
1099 1362 1178 1393 sunt
1199 1361 1298 1393 hacc:
1322 1359 1436 1400 „Quae
1451 1360 1626 1392 Menandri
1650 1370 1774 1393 nomen
1798 1361 1871 1392 heic

95 1426 176 1457 prae
200 1425 236 1448 se
259 1415 380 1455 serunt,
402 1414 578 1447 Menandri
601 1424 676 1447 esse
699 1423 769 1446 non
792 1413 889 1446 facile
904 1412 1144 1455 praestiterim;
1168 1422 1276 1454 neque
1300 1412 1379 1444 item
1404 1422 1488 1453 quae
1503 1412 1696 1444 Philistioni
1719 1411 1872 1444 tribuun-

99 1468 163 1508 tur,
185 1476 261 1500 esse
283 1466 511 1504 Philistionis;
540 1466 610 1498 sive
633 1465 661 1498 is
685 1465 785 1498 fuerit
806 1465 973 1504 philistio,
1003 1473 1101 1506 quem
1124 1463 1274 1495 Socratis
1303 1463 1355 1495 vel
1377 1463 1535 1495 Isocratis
1564 1472 1647 1495 aevo
1675 1462 1810 1502 vixisse,
1840 1465 1871 1495 et

96 1517 262 1562 κωμῳδίας
285 1516 463 1561 βιολογικάς
486 1517 664 1559 scripsisse
689 1516 790 1549 refert
813 1515 946 1555 Suidas,
970 1515 1039 1547 sive
1068 1515 1096 1547 is
1121 1514 1176 1556 qui
1199 1514 1360 1547 Martialis
1385 1514 1623 1556 epigrammate
1647 1514 1816 1553 ridiculus,
1839 1517 1869 1546 ct

98 1569 267 1602 chronicis
283 1568 483 1602 Eusebianis
500 1568 628 1601 Tiberii
644 1567 833 1609 principatu
849 1564 1043 1610 μιμογράφσς
1064 1568 1284 1607 nuncupatur.
1317 1576 1395 1598 nam
1412 1565 1500 1598 inter
1516 1566 1580 1598 ista
1596 1575 1681 1606 quae
1696 1565 1871 1606 gnomicac

97 1620 196 1653 huius
220 1620 351 1661 ecloges
380 1622 506 1659 auctor,
537 1619 676 1652 Tzetzes
704 1619 836 1651 fortean
865 1620 922 1651 aut
943 1618 1122 1657 Planudes,
1151 1618 1208 1650 aut
1236 1617 1357 1658 aliquis
1385 1617 1578 1649 huiusmodi
1608 1617 1800 1655 Graeculus,
1830 1627 1869 1649 ex

93 1671 278 1704 Menandro
302 1671 444 1713 collegit,
468 1671 584 1704 decem
607 1672 664 1703 aut
687 1670 864 1703 duodecim
885 1679 1003 1702 versus
1027 1669 1062 1701 in
1085 1668 1223 1701 Stobaei
1246 1668 1460 1700 collectaneis
1484 1678 1524 1700 ex
1547 1668 1730 1700 Menandro
1755 1668 1869 1700 itidem

94 1722 214 1755 citatos
238 1722 460 1764 deprehendi:
475 1732 524 1754 ex
547 1722 588 1754 iis
604 1731 683 1754 vcro
701 1731 786 1763 quae
808 1721 883 1754 heic
898 1720 1090 1752 Philistioni
1114 1721 1315 1759 tribuuntur,
1339 1719 1530 1760 quindecim
1554 1722 1611 1751 aut
1627 1720 1761 1751 circiter
1782 1720 1870 1761 apud

96 1774 240 1807 eundem
263 1774 446 1807 Stobaeum
469 1774 579 1814 legere
602 1773 751 1812 memini,
786 1773 846 1805 sed
868 1782 909 1804 ex
932 1772 1130 1804 Philemone
1153 1772 1205 1804 vel
1229 1771 1361 1804 Phileta
1383 1771 1566 1804 desumtos.
1602 1771 1713 1812 itaque
1737 1771 1870 1810 haereo,

96 1835 158 1859 nec
181 1825 262 1867 quid
284 1827 429 1858 statuam
451 1825 572 1864 habeO,
601 1825 677 1864 nisi,
706 1824 894 1866 fragmenta
922 1823 1060 1863 isthaec,
1093 1833 1177 1865 quae
1205 1823 1386 1864 praecipua
1411 1833 1543 1855 morum
1571 1822 1732 1855 scientiae
1761 1823 1871 1864 capita

98 1877 374 1918 complectuntur,
397 1886 459 1908 nec
474 1876 670 1915 Menandro,
694 1885 756 1908 nec
771 1875 970 1908 Philemone
987 1875 1124 1915 indigna
1139 1875 1256 1907 videri.
1287 1874 1499 1915 reperiuntur
1514 1876 1626 1906 autem
1650 1875 1689 1906 in
1713 1874 1869 1907 duobus

95 1929 228 1970 regiae
250 1928 529 1960 bibliothecae
558 1927 770 1960 codicibus
798 1926 952 1968 imperite
980 1926 1163 1959 admodum
1192 1926 1375 1967 descripta,
1404 1927 1446 1965 et,
1476 1925 1564 1967 quod
1594 1925 1868 1957 molestissimum

95 1979 166 2019 ruit,
190 1979 312 2020 ineptis
335 1979 576 2020 glossematum
599 1979 642 2010 ad
666 1988 824 2011 numeros
848 1978 1010 2011 iambicos
1027 1978 1222 2020 plerumque
1246 1977 1436 2010 cadentium
1460 1977 1750 2009 interiectionibus
1775 1977 1870 2009 intri—

96 2033 180 2064 cata.
215 2030 341 2072 selegi
375 2041 474 2072 quae
497 2032 659 2062 vetusta
681 2040 772 2062 esse
795 2030 1072 2062 subodoratus
1097 2040 1199 2062 sum:
1234 2031 1370 2062 cetera
1392 2028 1527 2061 reieci.
1551 2038 1751 2069 quamquam
1779 2030 1812 2059 et
1835 2029 1867 2060 in

98 2083 151 2115 his
179 2082 281 2115 etiam
308 2092 392 2124 quae
421 2082 557 2121 retinui,
593 2082 756 2114 nonnulla
783 2082 908 2114 reicula
935 2081 1039 2113 videri
1072 2091 1174 2122 posse
1203 2090 1272 2113 non
1301 2080 1455 2112 infitior.“
1505 2080 1599 2112 Hanc
1625 2079 1869 2120 praefationem

97 2133 219 2175 excipit
252 2133 296 2175 (p.
331 2134 350 2165 5
378 2151 419 2156 —
441 2144 473 2174 p.
500 2134 538 2165 15
565 2133 666 2174 med.)
701 2132 972 2174 Comparationis
1001 2134 1178 2164 contextus
1207 2141 1363 2172 graecus,
1397 2131 1452 2171 qui
1484 2131 1547 2162 hos
1575 2132 1704 2162 tantum
1733 2132 1869 2163 nostrae

95 2183 253 2217 editionis
275 2194 393 2217 versus
417 2183 687 2226 comprehendit:
713 2184 804 2216 1—6.
820 2184 936 2215 8—26.
953 2184 1004 2216 29.
1021 2184 1072 2216 30.
1088 2183 1225 2216 32—38.
1241 2183 1292 2215 41.
1313 2183 1364 2214 42.
1380 2182 1517 2214 44—52.
1540 2183 1617 2213 55-
1625 2182 1676 2213 60.
1693 2182 1765 2214 Gla.
1788 2182 1869 2214 6212.

93 2236 230 2269 63-88.
243 2235 380 2268 91—93.
391 2235 549 2268 98-100.
564 2235 741 2267 104—124.
757 2235 827 2267 131.
843 2235 1019 2267 133—139.
1035 2235 1211 2267 143—1502.
1228 2234 1404 2266 166-178.
1420 2233 1596 2265 182—185.
1613 2233 1869 2265 189-195.199.

95 2289 168 2321 200.
191 2287 370 2320 205-210.
396 2286 572 2319 153—160.
599 2287 669 2318 163.
694 2286 765 2318 162.
788 2287 839 2318 89.
862 2287 914 2319 90.
960 2287 997 2318 In
1020 2282 1137 2319 ‘Notis’
1167 2288 1289 2325 autem,
1318 2295 1402 2327 quae
1432 2286 1616 2326 sequuntur
1643 2283 1687 2325 (p.
1715 2285 1752 2316 15
1781 2284 1868 2317 med.

94 2357 134 2362 —
156 2348 189 2380 p.
215 2338 278 2380 19),
306 2337 471 2378 Rigaltius
499 2340 532 2370 et
560 2337 814 2370 emendationes
842 2338 973 2370 addidit
1001 2340 1034 2370 et
1063 2338 1156 2371 locos
1185 2338 1313 2378 aliquot
1340 2336 1467 2369 similes
1495 2336 1638 2368 aliorum
1667 2335 1868 2376 scriptorum
1887 2343 2021 2375 ingaunis

95 2389 266 2431 congessit
289 2391 323 2421 ct
350 2389 450 2430 longe
477 2389 640 2430 plurimos
670 2398 786 2421 eorum
814 2399 971 2421 versuum
1001 2389 1189 2429 exscripsit,
1219 2398 1303 2429 quos
1335 2397 1410 2420 eum
1434 2387 1468 2418 in
1492 2386 1664 2418 codicibus
1694 2386 1794 2426 regiis
1818 2387 1868 2418 in-

92 2441 250 2480 venisset,
278 2440 356 2482 quia
383 2450 424 2472 ex
453 2440 666 2481 glossematis
696 2440 829 2472 conflati
858 2442 914 2472 aut
942 2441 1044 2473 nimis
1079 2440 1250 2481 depravati
1281 2449 1356 2471 esse
1384 2438 1592 2476 viderentur,
1623 2437 1655 2469 in
1685 2437 1866 2472 editionem

93 2492 242 2534 recipere
266 2491 383 2524 noluit.

1668 2545 1695 2571 ι·
