2138 2748
192 337 260 370 §12

225 1245 258 1313 &a

188 1780 259 1814 §14

190 1876 258 1908 §15

279 252 298 283 6
886 251 979 279 LVD.
1000 251 1220 279 GARRIONIS
1237 251 1375 279 NOTAE
1392 251 1441 278 IN

428 339 493 367 item
525 338 602 377 alia]
650 339 747 368 scribe
782 348 820 368 ex
852 340 1049 378 membranisg
1082 341 1145 368 item
1178 340 1234 369 alio
1268 342 1297 369 in
1319 339 1401 370 libro.
1434 349 1575 370 numerus
1609 341 1678 370 libri
1706 342 1793 371 abest
1822 343 1841 370 a
1863 341 2052 372 Buslidiano.

278 381 427 418 quaedam
451 381 601 411 editiones
623 382 752 420 habent3
775 382 826 411 VI.
850 382 1095 421 antiquissimae3
1117 382 1200 413 VIII.
1222 383 1253 412 in
1275 383 1430 412 Macrobio
1453 385 1553 412 tamen
1567 383 1710 421 illiusque
1726 385 1948 422 exemplaribus
1963 392 2053 413 manu

278 424 438 461 descriptis
473 426 534 462 est3
567 434 651 454 nono.
685 425 741 454 sed
773 425 849 454 haec
883 434 920 454 ex
942 434 1130 455 numerorum
1153 426 1244 463 notis,
1282 435 1360 463 quae
1394 425 1483 455 facile
1511 427 1677 457 turbantur.
1716 436 1858 456 numerus
1881 429 1962 456 certe
1983 427 2054 456 libri

277 466 396 495 videtur
419 467 456 496 ab
480 468 582 504 aliquo
606 467 758 497 adiectus:
781 468 959 505 praesertim
982 477 1046 498 cnm
1072 469 1194 506 dixerit;
1218 469 1274 498 alio
1297 470 1326 497 in
1349 468 1429 497 libro.

429 517 507 547 Mille
529 518 575 547 die
597 519 759 557 nummum]
804 519 878 548 mira
901 520 1115 558 scripturarum
1137 520 1250 557 vbique
1273 520 1403 549 varietas
1432 519 1492 549 loci
1515 519 1673 558 deprauati
1694 521 1795 558 index,
1825 521 2054 558 antiquissimae

278 560 441 599 editiones3

479 611 558 640 Mille
591 612 636 641 die
668 622 810 641 nummum
839 616 931 651 potest
963 623 1016 642 vno
1050 623 1186 651 quaerere
1219 617 1336 652 centum,

278 654 429 691 quomodo
464 663 521 684 nec
543 663 649 684 versus
673 657 752 684 stare
776 664 832 684 nec
855 655 1013 685 Gellianae
1038 657 1182 685 orationis
1206 657 1357 686 sententia
1388 659 1491 694 potest
1525 657 1701 688 consistere.
1735 657 1931 687 Buslidianae
1964 666 2054 687 mem-

276 697 403 726 branae:
443 697 532 727 Vnum
564 698 638 726 mille
663 701 770 736 portes.
802 699 913 727 rectius
940 701 1086 736 vtraeque
1108 699 1252 737 Puteani3

482 749 556 777 mille
577 758 719 777 nummum
738 751 819 786 potes
839 758 894 778 vno
917 758 1054 787 quaerere
1076 753 1191 779 centum.

277 790 407 820 dicerem
436 791 603 821 rectissime
631 792 692 820 nisi
720 791 867 820 haberent
893 792 976 829 mille,
1005 801 1071 831 pro,
1094 793 1172 821 milli.
1207 793 1329 822 dubium
1362 803 1423 822 non
1458 796 1504 822 est
1538 794 1611 831 quin
1645 794 1799 831 scripserit
1821 793 1953 824 Gellius:
1987 793 2056 824 milli·

276 843 419 862 nummum
442 837 523 872 potes
545 843 599 862 vno
623 843 759 872 quaerere
783 837 905 863 centum.-
929 835 1180 872 quemadmodum
1205 836 1293 864 etiam
1328 838 1375 865 est
1409 837 1490 874 apud
1522 837 1707 866 Macrobium
1730 837 1761 866 in
1783 837 1895 867 abditis
1917 837 1944 866 ἀ
1965 836 2055 867 editis

276 876 370 907 libris.
406 885 587 914 quamquam
610 885 716 906 versus
738 877 828 906 huius
849 877 993 915 princeps
1015 887 1075 906 vox
1098 878 1180 915 apud
1201 879 1387 907 Macrobium
1410 881 1519 917 exstat,
1544 879 1596 910 Tu.
1627 889 1716 917 quam
1739 879 1869 909 fortasse
1892 889 1931 909 an
1952 882 2058 910 noster

278 919 420 948 omiserit.
456 919 539 956 quod
562 920 654 948 errori
677 928 798 948 causam
821 920 969 957 praebuit.
1016 921 1179 958 scripserat
1191 920 1323 950 Gellius:
1346 921 1416 950 mini
1430 931 1582 952 nummum.
1604 923 1761 960 imperitus
1775 923 1916 952 librarius
1930 923 2058 953 mutauit

276 961 302 990 81
323 962 396 990 mille
418 962 500 992 fecit.
534 962 664 991 accessit
696 962 801 991 tertius
830 963 919 991 etiam
949 964 1073 993 acutior.
1109 964 1161 1001 qui
1183 973 1249 993 cum
1271 964 1431 1001 primorem
1454 973 1559 994 vocem
1582 965 1684 995 versui
1707 965 1816 995 deesse
1839 963 1909 995 110ιῖ
1922 966 2057 996 animad-

275 1007 415 1043 uerteret⁷
438 1005 482 1033 illi
505 1004 657 1034 fulciendo
687 1005 718 1033 in
741 1005 840 1034 medio
863 1006 987 1035 verbum
1010 1007 1095 1045 illud,
1119 1006 1173 1044 die,
1196 1007 1339 1045 apposuit
1361 1007 1387 1036 &
1409 1007 1530 1037 tandem
1553 1008 1632 1037 hunc
1656 1017 1774 1038 versum
1797 1009 1976 1046 exsculpsit:

478 1055 556 1084 Mille
578 1056 623 1084 die
645 1065 786 1085 nummum
805 1059 886 1094 potes
908 1067 962 1086 vno
985 1067 1121 1096 quaerere
1143 1061 1259 1088 centum.

276 1106 422 1144 prolixior
445 1116 510 1136 sum
532 1107 563 1136 in
586 1107 633 1136 his
655 1108 778 1145 ineptiis
803 1117 892 1145 quam
914 1109 1039 1138 vellem:
1064 1109 1119 1138 sed
1141 1111 1241 1138 tamen
1266 1109 1291 1138 &
1313 1109 1474 1139 iucundum
1498 1113 1545 1140 est
1568 1110 1593 1140 &
1614 1111 1659 1140 rei
1681 1111 1845 1140 litterariae
1867 1121 1929 1141 non
1950 1112 2056 1142 inutile

277 1150 303 1178 si
327 1149 396 1186 quis
417 1150 456 1178 ad
478 1151 564 1187 ipsos
587 1159 719 1179 errorum
743 1150 844 1180 fontes
868 1151 956 1188 quasi
980 1152 1105 1189 digitum
1127 1152 1273 1182 intendat.
1310 1153 1354 1182 sic
1378 1153 1456 1182 enim
1479 1153 1511 1182 fit
1533 1156 1566 1183 vt
1588 1154 1661 1183 alibi
1685 1154 1711 1183 si
1735 1163 1812 1191 quae
1835 1155 1932 1184 latent
1947 1154 2057 1184 similia

277 1192 396 1222 facilius
420 1195 562 1222 eruantur
585 1192 610 1222 &
632 1193 730 1222 minus
753 1193 805 1222 diu
827 1194 942 1223 fallant.

428 1243 506 1273 Mille
525 1244 687 1284 passuum]
734 1245 907 1282 emendaui3
930 1246 999 1274 milli
1023 1247 1152 1284 passum,
1175 1247 1257 1284 item,
1290 1256 1344 1275 vno
1367 1246 1436 1275 milli
1463 1256 1614 1285 nummum,
1650 1248 1797 1277 sermonis
1826 1245 2004 1290 ἀκολουθίᾳ
2025 1249 2058 1278 id

275 1287 448 1324 requirente
471 1287 496 1315 ἃ
520 1297 557 1316 ex
579 1290 679 1316 mente
704 1285 707 1328 ff
733 1287 834 1316 Gellii.
871 1297 930 1325 quo
956 1289 1033 1318 enim
1057 1289 1173 1326 alioqui
1195 1289 1256 1327 illa,
1281 1293 1306 1318 et
1328 1298 1425 1318 casum
1448 1290 1531 1318 etiam
1554 1299 1656 1328 capere
1679 1289 1844 1328 ablatiuum,
1866 1291 1926 1320 nisi
1947 1292 1978 1320 in
1992 1299 2058 1321 ver-

277 1330 361 1359 sibus
383 1330 492 1359 Lucilii
515 1331 541 1359 is
565 1330 696 1360 fuisset?
729 1340 790 1359 non
823 1340 928 1368 parum
961 1334 1062 1360 tamen
1094 1332 1185 1360 miror
1206 1332 1286 1361 vnde
1312 1333 1343 1361 in
1365 1334 1510 1369 vtrasque
1537 1333 1665 1362 Puteani
1686 1334 1876 1363 membranas
1897 1343 1968 1372 vox,
1991 1334 2057 1372 duo,

276 1373 430 1403 inuaserit.
466 1373 509 1402 sic
533 1374 611 1402 enim
634 1374 664 1402 in
686 1374 747 1402 illis
771 1376 831 1403 est:
855 1374 929 1403 mille
948 1383 1089 1412 passuum
1112 1374 1183 1403 discit
1204 1384 1258 1413 pro
1281 1375 1355 1404 mille
1373 1375 1520 1414 passibus,
1543 1379 1567 1404 el
1588 1385 1643 1405 vno
1665 1376 1739 1405 mille
1762 1376 1818 1406 duo
1840 1378 1983 1406 nummssm
1999 1386 2058 1416 pro

275 1416 337 1444 vnis
360 1416 433 1444 mille
454 1417 584 1445 nummis.
619 1417 674 1445 sed
697 1416 827 1446 fortasse
850 1417 980 1454 legerint
1002 1426 1102 1454 supra.

347 1509 364 1538 d
429 1466 508 1496 Mille
530 1467 586 1496 duo
608 1477 749 1496 nummum
771 1471 850 1506 potes
873 1478 927 1497 vno
950 1478 1086 1506 quaerere
1110 1471 1225 1497 centum.
1261 1469 1287 1497 &
1319 1478 1379 1497 vox
1412 1469 1464 1497 illa
1491 1469 1521 1498 in
1543 1470 1637 1499 verba
1661 1470 1751 1499 Gellii
1780 1479 1817 1500 ex
1838 1479 1930 1500 versu
1950 1471 2060 1501 Lucilii

277 1509 344 1539 deci
367 1510 431 1539 erit.

428 1560 596 1590 vocabulum
619 1561 698 1599 esse]
745 1571 811 1590 cum
844 1562 1023 1591 vocabulum
1056 1563 1179 1600 proprie
1208 1563 1247 1592 sit
1268 1561 1475 1612 προσηγορία,
1499 1560 1520 1603 ἡ
1545 1558 1705 1604 ὀνομασία,
1728 1566 1761 1593 vt
1782 1566 1902 1594 veteres
1924 1564 2060 1603 magistri

278 1605 347 1632 sunt
368 1603 574 1641 interpretati3
597 1603 714 1633 Gellius
736 1605 827 1642 paulo
851 1604 1016 1642 specialius
1039 1606 1149 1643 accipit
1170 1615 1225 1643 pro
1252 1606 1373 1634 nomine
1401 1606 1466 1635 siue
1493 1607 1594 1643 potius
1621 1616 1675 1644 pro
1710 1607 1832 1636 nomine
1861 1607 2058 1647 appellatiuo⁷

276 1655 338 1675 non
359 1648 474 1675 tantum
497 1646 546 1676 hic
569 1647 624 1676 sed
650 1647 717 1676 aliis
742 1648 831 1676 etiam
854 1647 884 1676 in
907 1648 992 1677 locis.
1038 1650 1070 1676 vt
1091 1649 1168 1677 libro
1192 1649 1280 1677 tertio
1305 1658 1371 1686 cap.
1395 1649 1454 1677 XII
1477 1649 1507 1687 [ξ
1525 1649 1552 1687 3]
1577 1651 1596 1678 ὰ
1615 1649 1760 1679 vocabulis
1783 1659 1838 1679 non
1861 1651 1879 1679 ὰ
1901 1650 1994 1679 verbis
2016 1651 2057 1679 ιἠ-

278 1689 382 1717 clinata
404 1692 475 1720 sunt.
522 1689 547 1718 &
562 1699 628 1727 cap.
646 1690 725 1718 XIX.
750 1689 836 1718 Gabii
859 1690 946 1718 Bassi
979 1690 1081 1719 eruditi
1113 1692 1168 1720 viri
1201 1690 1270 1719 liber
1304 1691 1337 1719 de
1366 1692 1474 1730 oriyine
1506 1691 1656 1721 verborum
1689 1696 1714 1721 et
1741 1692 1942 1722 vocabulorum
1970 1693 2000 1732 [ξ
2022 1693 2060 1731 1].

279 1731 304 1760 &
327 1732 399 1761 alibi
423 1741 525 1770 saepe.
561 1732 640 1761 adde
665 1733 748 1770 quod
771 1730 878 1773 ὄνομα,
903 1742 1012 1770 nomen,
1036 1733 1212 1771 vocabulum
1238 1736 1392 1772 exponunt
1415 1735 1547 1772 glossae.
1583 1735 1638 1764 sed
1660 1735 1719 1764 11οο
1742 1736 1801 1765 alio
1825 1735 1908 1765 trabi
1924 1737 2037 1774 potest.

431 1784 535 1812 nullum
559 1784 744 1822 inclinentur]
792 1784 835 1813 sic
857 1784 950 1813 inf1:a
975 1785 993 1813 ὰ
1016 1784 1108 1814 verbis
1130 1786 1266 1814 inclinata
1288 1789 1360 1816 sunt.
1405 1786 1612 1815 Buslidianam
1634 1789 1735 1816 tamen
1758 1788 1946 1827 scripturam,
1981 1797 2060 1826 quae

277 1826 371 1855 habet
393 1826 564 1855 declinentur
587 1827 717 1856 seruaui.
752 1827 842 1856 aliam
864 1828 916 1864 qui
938 1828 1021 1857 volet
1044 1827 1103 1857 sibi
1125 1829 1245 1859 habeat.

430 1887 515 1916 quam
537 1879 651 1916 scripsit
669 1887 726 1916 pro
741 1877 868 1916 Milone]
915 1888 976 1908 non
998 1879 1101 1917 inepte
1125 1880 1336 1917 antiquissima
1360 1880 1469 1918 editiot,
1503 1890 1588 1919 quam
1621 1881 1764 1919 inscripsit
1793 1891 1849 1919 pro
1878 1881 1994 1911 Milone.
2027 1884 2060 1910 vt

278 1920 426 1957 significet
448 1920 525 1950 hanc
547 1922 714 1950 orationem
736 1921 823 1950 titulo
846 1924 935 1951 tenus
959 1922 1055 1951 fuisse
1077 1932 1131 1960 pro
1156 1923 1278 1952 Milone.
1312 1932 1411 1960 neque
1436 1924 1514 1952 enim
1536 1924 1579 1952 ita
1602 1923 1789 1975 Ciceronem,
1819 1926 1851 1953 vt
1877 1924 1970 1954 hodie
1992 1933 2059 1962 per-

278 1963 390 2000 scripta
413 1965 468 2001 est,
493 1972 558 1992 eam
580 1964 724 1993 habuisse
747 1964 822 1993 satis
846 1967 974 1994 constat.

430 2015 549 2043 insanas
570 2015 655 2053 illas.]
700 2016 778 2044 male
802 2018 849 2045 est
869 2016 901 2044 in
924 2016 1106 2053 quibusdam
1128 2017 1326 2055 membranis3
1359 2018 1498 2055 infirmas.
1521 2018 1593 2047 item
1626 2018 1658 2046 in
1693 2017 1876 2047 Buslidianis
1909 2027 2057 2048 conuerso

277 2058 437 2086 verborum
472 2057 576 2087 ordine
611 2058 663 2086 illa
696 2059 867 2087 turbarunt:
902 2059 1044 2087 hominum
1076 2059 1244 2089 versabatur
1265 2061 1425 2096 valentium,
1453 2069 1518 2097 nori,
1546 2060 1742 2090 versabantur.
1778 2063 1825 2090 est
1848 2061 1926 2090 enim
1949 2061 1980 2090 in
2001 2061 2059 2099 11ος

278 2100 419 2129 hominum
441 2100 628 2129 versabantur
650 2101 809 2138 valentium,
833 2110 890 2130 non
911 2101 1091 2139 versabatur,
1116 2105 1221 2132 contra
1243 2112 1334 2140 quam
1357 2102 1474 2132 Gellius
1496 2104 1592 2132 voluit
1615 2103 1725 2132 dicere.

432 2161 523 2189 minus
546 2161 688 2189 accuratis
709 2162 845 2199 scriptum
867 2161 926 2199 est]
973 2163 1095 2191 secutus
1124 2171 1189 2191 sum
1218 2162 1347 2200 optimas
1375 2162 1574 2200 membranas,
1602 2163 1634 2191 in
1658 2163 1766 2200 quibus
1791 2165 1869 2200 erat3
1900 2163 1991 2192 minua
2014 2173 2059 2192 ae·
2100 2159 2104 2166 '

280 2203 376 2230 curate
397 2204 510 2241 scriptis
533 2206 581 2234 est.
615 2203 690 2232 illud
712 2213 773 2233 non
796 2203 921 2233 damno:
945 2204 1004 2233 hoc
1026 2206 1133 2242 probo.
1169 2205 1213 2234 sic
1236 2205 1341 2235 Cicero
1365 2205 1471 2233 litteras
1494 2206 1626 2234 accurate
1648 2206 1770 2244 scriptae
1803 2206 1879 2235 dixit
1911 2205 1951 2235 ad
1983 2205 2060 2235 Bru-

279 2247 341 2274 tum
366 2245 445 2283 [epp.
469 2246 484 2274 I
509 2246 557 2284 15,
584 2246 621 2284 l]-
667 2246 804 2284 Optimas
827 2248 1015 2276 membranas
1039 2257 1104 2277 cum
1128 2249 1249 2277 nomino
1272 2257 1372 2285 neque
1395 2247 1477 2276 aliud
1506 2248 1597 2286 addo⁷
1633 2257 1684 2277 eas
1706 2249 1834 2286 intelligi
1866 2249 1948 2288 volo,
1981 2257 2058 2286 quas

222 2291 225 2293 '
280 2288 435 2317 Aureliani
456 2289 677 2318 Maximilianus
701 2290 852 2319 Miealtius
875 2290 1042 2319 Indeuelda
1063 2291 1181 2320 iuvenis
1204 2293 1237 2320 vt
1257 2291 1417 2320 nobilitate
1450 2292 1570 2328 generis
1603 2291 1645 2320 ita
1679 2291 1759 2320 omni
1785 2292 1925 2321 virtutum
1948 2300 2059 2329 genere

181 2421 262 2455 p.84

281 2331 489 2360 ornatissimus
511 2332 617 2369 paucis
641 2334 710 2361 ante
735 2341 824 2369 quam
847 2334 963 2371 morbo,
988 2334 1039 2370 qui
1063 2334 1090 2362 ei
1114 2334 1215 2363 fatalis
1238 2333 1304 2371 fuit,
1328 2334 1529 2371 corriperetur
1549 2334 1633 2363 horis
1659 2343 1755 2371 paruo
1783 2334 1956 2372 redemptas
1990 2343 2059 2364 aere

280 2374 351 2402 mihi
375 2374 455 2403 dono
479 2374 508 2403 d.
543 2377 628 2404 erant
661 2376 691 2404 in
726 2376 763 2405 iis
787 2375 956 2413 fragmenta
979 2379 1108 2413 quatuor
1130 2377 1263 2414 priorum
1285 2377 1438 2415 librorum,
1461 2377 1598 2414 integrae
1622 2376 1753 2407 fuissent
1773 2378 1975 2413 membranae,
1998 2386 2060 2407 non

281 2417 430 2455 concisae7
464 2426 525 2446 non
553 2418 686 2456 mutilae,
720 2427 781 2447 non
807 2419 908 2448 multis
936 2419 1085 2457 capitibus
1116 2420 1300 2449 deminutae:
1327 2418 1329 2458 ζ
1353 2428 1459 2457 parum
1487 2421 1570 2450 esset
1598 2420 1671 2457 quin
1698 2421 1819 2458 plenam
1841 2419 1867 2450 ἀ
1889 2421 2059 2450 absolutam

280 2459 371 2488 Gellii
404 2460 644 2490 emendationem
677 2461 829 2498 possimus
863 2464 1028 2499 praestare.
1065 2462 1119 2492 sed
1152 2463 1229 2492 haec
1258 2462 1379 2492 frustra.
1413 2462 1543 2492 hominis
1570 2465 1672 2492 tamen
1694 2463 1719 2492 &
1742 2463 1916 2493 amicissimi
1938 2462 1963 2492 a
1990 2464 2054 2493 lon-
