2138 2748
953 284 994 316 43

233 386 390 419 Museum
420 386 693 430 ephemeridibus
721 390 755 418 et
788 386 924 429 scriptis
958 385 1141 429 periodicis
1175 386 1329 430 legendis
1359 398 1378 418 a
1407 388 1571 420 societate
1608 387 1802 420 academica
1829 388 1864 419 in

83 437 303 471 universitate
324 438 513 470 institutum
530 437 634 470 sociis
656 437 787 481 patebit
800 437 833 470 h.
852 436 912 470 IX.
927 441 1006 469 mat.
1028 455 1071 461 -
1087 436 1179 470 VIII.
1203 448 1308 481 vesp„
1333 437 1454 470 diebus
1478 438 1654 470 dominicis
1678 438 1864 472 h.X1.-11.

235 488 466 522 Collectiones
479 499 590 521 rerum
615 493 649 521 et
663 489 960 521 instrumentorum
977 487 1021 519 ad
1038 487 1224 531 physicam,
1241 490 1490 526 astronomiam,
1515 494 1703 527 anatomen‚
1721 490 1863 533 physio-

83 539 217 584 logiam,
241 540 442 584 zoologiam,
465 540 726 584 mineralogiam,
751 540 799 572 rei
822 539 969 572 rusticae
993 538 1179 571 doctrinam
1201 540 1448 582 pertinentium,
1471 540 1714 573 laboratorium
1737 541 1863 573 chemi-

84 601 175 630 cum‚
215 602 367 624 museum
401 590 709 635 archaeologicuim
748 590 907 623 collectio
942 589 1228 633 chalcographica
1264 591 1467 633 inspiciendi
1503 592 1601 623 venia
1630 602 1693 623 suo
1723 592 1801 624 loco
1831 597 1866 624 et

82 646 235 686 tempore
257 643 436 686 impetrata
458 642 744 675 monstrabuntur.
794 641 924 674 Hortus
958 641 1139 674 botanicus
1168 641 1289 674 diebus
1319 643 1474 674 omnibus
1510 648 1644 685 praeter
1677 643 1865 675 dominicos

84 693 230 739 patebit3
262 694 311 726 rei
338 693 514 727 herbariae
537 693 712 731 studiosis,
747 693 806 736 qui
838 703 899 736 per
929 692 1071 725 hiemem
1094 692 1283 735 plantarum
1312 693 1531 726 hibernacula
1557 694 1590 726 in
1614 694 1722 726 hortis
1753 694 1866 737 posita

85 744 179 778 adire
190 745 390 789 cupiverint,
408 745 510 777 certis
529 744 623 777 horis
647 745 719 777 eius
734 744 784 776 rei
807 744 849 776 ab
874 744 1048 776 hortorum
1069 744 1236 776 directore
1259 750 1412 787 potestas
1435 745 1502 778 fiet.
1537 745 1764 778 Pinacotheca
1787 756 1864 777 aca-

84 795 304 830 demica.cum
321 796 546 839 pinacotheca
562 796 735 828 societatis
759 796 878 828 artium
896 795 1089 835 Silesiacae,
1113 795 1334 827 collectiones
1359 802 1650 828 monumentorum
1678 797 1710 828 in
1727 796 1865 828 tumulis

85 847 440 882 mave-Germanicis
472 851 684 890 repertorum
718 851 752 879 et
786 846 1093 879 ecclesiasticorum
1129 851 1162 878 et
1189 858 1398 879 nummorum
1435 847 1564 879 mediae
1597 847 1864 890 recentiorisque

84 900 204 932 aetatis
233 910 307 932 cum
338 898 599 931 collectionibus
628 898 800 931 societatis
834 899 1070 942 antiquitatum
1099 897 1282 930 Silesiacae
1314 899 1514 931 coniunctae
1545 904 1633 939 sunt,
1663 898 1706 930 ad
1738 908 1865 941 easque

84 949 198 984 aditus
221 951 319 983 statis
341 950 436 982 horis
452 960 491 982 ac
515 949 636 982 diebus
661 949 765 994 gratis
781 954 885 992 patet.

237 1103 375 1136 Ordinis
400 1114 517 1147 evang.
537 1103 641 1136 theol.
659 1103 943 1135 commilitonibus
960 1101 1145 1134 secundum
1162 1106 1289 1134 statuta
1317 1101 1477 1144 stipendii
1494 1102 1670 1135 Caussiani
1693 1102 1868 1134 nuntiatur

83 1154 239 1199 proximo
264 1155 416 1187 semestri
446 1154 587 1187 hiberno
611 1159 757 1186 exeunte
778 1155 926 1197 praemia
950 1164 991 1186 ex
1014 1153 1081 1185 hoc
1105 1153 1275 1196 stipendio
1299 1154 1476 1195 proposita
1502 1153 1649 1194 legitime
1673 1153 1867 1196 petentibus

85 1204 300 1239 distributum
323 1205 373 1239 iri.
425 1205 499 1245 Qua
525 1205 567 1237 de
589 1215 625 1237 re
649 1216 712 1237 suo
736 1210 888 1247 tempore
918 1205 1003 1236 ordo
1031 1204 1136 1237 theol.
1166 1214 1284 1246 evang.
1307 1204 1448 1236 maxime
1472 1204 1678 1236 reverendus
1706 1204 1867 1236 certiores

85 1267 146 1290 eos
167 1256 270 1290 faciet
291 1256 412 1289 litteris
436 1256 480 1289 ad
503 1255 620 1288 valvas
643 1255 798 1299 publicas
822 1255 1009 1298 affigendis.
