2138 2748
234 591 247 612 5

1153 263 1191 298 12

282 371 348 404 Καὶ
376 369 744 414 βραχυκατάληκτον
771 369 826 412 μέν
853 369 942 409 ἐστιν,
971 367 1013 407 ὡς
1040 369 1072 402 ἐν
1096 368 1326 411 παραδείγματι
1352 367 1402 399 ἐπὶ
1427 366 1482 399 τοῦ
1509 365 1697 409 μονομέτρου
1724 365 1828 406 εἰπεῖν,
1855 365 1932 408 ὅπερ
1960 363 2058 403 ποδὸς

284 422 358 455 ὅλου
381 423 479 455 δεῖται
492 421 569 464 πρὸς
584 419 788 464 ἀπαρτισμόν,
804 421 868 454 οἷον
881 420 917 453 τὸ
938 421 1006 463 φεῦ
1028 423 1095 463 φεῦ
1116 419 1138 462 ἠ
1160 419 1196 452 τὸ
1219 418 1259 451 ἰώ
1281 417 1302 460 ἥ
1317 417 1353 450 τὸ
1376 418 1433 449 ἔα·
1456 417 1555 449 ταῦτα
1575 416 1637 460 γὰρ
1652 416 1829 460 μονόμετρά
1850 417 1914 450 ἐστι
1937 416 2055 459 βραχιν

283 473 472 515 κατάληκτα
495 472 545 504 διὰ
567 472 602 504 τὸ
625 473 709 515 ἔχειν
731 473 786 515 μὲν
807 472 859 504 τὸν
882 473 936 504 ἕνα
957 470 1050 511 πόδα,
1073 471 1127 503 τοῦ
1150 470 1257 512 ἐτέρου
1280 470 1315 501 δὲ
1336 468 1512 501 λείπεσθαι.

284 523 582 566 Καταληκτικόν
604 524 640 555 δὲ
661 523 697 555 τὸ
720 522 866 566 δεόμενον
887 522 1046 565 συλλαβῆς
1071 521 1148 564 πρὸς
1174 518 1374 564 ἀπαρτισμόν,
1398 520 1462 553 οἶον
1483 519 1519 552 τὸ
1541 518 1583 552 ἰώ
1604 530 1666 562 μοι
1686 516 1710 562 ἢ
1730 518 1766 551 τὸ
1789 518 1831 552 ἰώ
1851 519 1936 561 φεῦ·
1959 518 2057 551 ταῦτα

284 575 345 618 γὰρ
374 574 548 618 μονόμετρά
576 575 639 607 ἐστι
665 574 885 617 καταληκτικά
911 574 962 606 διὰ
989 573 1024 606 τὸ
1051 573 1135 616 ἔχειν
1161 570 1234 605 ὅλον
1261 571 1344 604 πόδα
1371 573 1426 604 καὶ
1452 571 1524 614 μίαν
1550 570 1710 614 συλλαβήν
1736 569 1807 613 ἤτοι
1831 569 1927 613 ἥμισυ
1951 567 2058 610 ποδός,

285 626 451 658 λείπεσθαι
473 627 508 658 δὲ
531 627 601 669 μιᾶς
623 625 782 668 συλλαβῆς
803 624 879 667 πρὸς
902 621 1102 667 ἀπαρτισμόν.

280 676 566 719 Ἀκατάληκτον
581 677 625 718 δέ,
641 676 717 718 ὅπερ
733 675 977 737 ἀπηρτισμένους
993 676 1060 718 ἔχει
1073 675 1144 713 τούς
1158 674 1267 714 πόδας,
1283 675 1347 707 οἷον
1360 673 1396 706 τὸ
1419 672 1474 706 ἰοὺ
1498 672 1554 721 ἰοιί
1576 672 1598 715 ἧ
1613 671 1648 705 τὸ
1671 672 1713 705 ἰώ
1731 671 1773 704 ἰώ
1795 669 1818 715 ἤ
1839 671 1875 704 τὸ
1897 671 1966 714 φεῦ
1987 670 2060 714 φεῦ

121 736 156 768 (p.
168 735 219 761 320
231 734 272 769 G)
287 728 341 760 ἰώ·
368 728 371 771 Ι
395 730 494 760 ταῦτα
525 727 587 789 γὰρ
621 726 797 770 μονόμετρά
824 728 904 759 ἐστιν
937 725 1146 768 ἀκατάληκτα
1173 725 1224 757 διὰ
1255 725 1290 758 τὸ
1325 724 1569 767 ἀπηρτισμένους
1595 724 1680 766 ἔχειν
1706 723 1777 762 τοὺς
1802 722 1902 762 πόδας
1933 722 1989 755 καὶ
2016 721 2060 765 μὴ

215 837 250 859 10

215 1161 249 1182 15

287 779 420 817 ἐλλιπεῖς
441 778 483 817 ὡς
503 778 543 811 τὰ
565 778 722 821 εἰρημένα.

282 827 544 872 Ὑπερκαταλη
552 840 640 862 κτον
662 830 697 861 δὲ
718 828 754 861 τὸ
777 829 852 871 ἔχον
874 829 929 871 μὲν
951 827 1042 866 ὅλους
1063 827 1134 866 τούς
1161 826 1260 865 πόδας
1288 824 1542 870 ἀπηρτισμένους,
1572 826 1647 869 ἔχον
1673 826 1710 858 δὲ
1730 790 1786 858 καὶ
1807 822 1968 867 συλλαβὴν
1989 823 2060 867 μίαν

286 881 413 914 πλείονα
434 893 456 924 η
479 882 534 913 καὶ
555 880 648 913 πόδα.

439 1001 478 1042 <g
504 1000 575 1042 12.)
615 998 732 1032 Ἰστέον
754 999 789 1031 δὲ
811 998 856 1031 ὅτι
878 998 979 1030 πάντα
1001 997 1041 1030 τὰ
1063 998 1160 1041 μέτρα
1182 997 1264 1040 πλην
1286 1000 1340 1030 τοῦ
1363 996 1553 1029 δακτυλικοῦ
1567 995 1651 1028 κατὰ
1670 994 1811 1028 διποδίαν
1833 997 1987 1038 μετρεῖται
2006 993 2063 1026 καὶ

288 1050 453 1094 ἀνέρχεται
481 1051 574 1094 μέχρι
599 1052 654 1083 τοῦ
680 1050 900 1093 πενταμέτρου.
938 1049 1031 1081 Ἐστι
1057 1050 1093 1081 δὲ
1120 1048 1354 1092 μονόμετρον
1380 1049 1435 1091 μὲν
1460 1048 1496 1080 τὸ
1524 1048 1600 1090 ἔχον
1625 1046 1724 1085 πόδας
1746 1046 1812 1087 δύο,
1835 1046 2007 1088 δίμετρον
2026 1043 2063 1083 τὸ

291 1103 365 1145 ἔχον
387 1101 487 1141 πόδας
508 1102 671 1144 τέσσαρας,
691 1101 889 1144 τρίμετρον
910 1100 945 1133 τὸ
969 1101 1043 1143 ἔχον
1066 1100 1100 1142 ς’,
1123 1099 1377 1143 τετράμετρον
1399 1099 1434 1131 τὸ
1450 1099 1525 1141 ἔχον
1546 1098 1587 1141 η’,
1609 1097 1864 1141 πεντάμετρον
1883 1096 1923 1129 τὸ
1946 1096 2021 1139 ἕχον
2035 1094 2062 1127 ι’·

286 1153 458 1196 περαιτέρω
480 1154 516 1185 δὲ
537 1150 574 1185 οὔ
595 1152 740 1195 πρόεισιν.
784 1152 916 1195 Εἴρηται
938 1153 973 1183 δὲ
994 1151 1078 1194 πλὴν
1099 1151 1154 1184 τοῦ
1176 1151 1375 1191 δακτυλικοῦ,
1392 1150 1500 1193 ἐπειδὴ
1515 1150 1606 1183 τοῦτο
1629 1146 1665 1182 οὗ
1681 1148 1765 1182 κατὰ
1780 1147 1921 1181 διποδίαν
1943 1149 2063 1190 μετρεῖ·

286 1216 335 1236 ται
358 1205 409 1236 διὰ
431 1204 466 1237 τὸ
489 1205 565 1238 εἶναι
587 1204 657 1243 τούς
679 1203 779 1243 πόδας
800 1203 1030 1246 τρισυλλάβους.

439 1325 478 1367 <5
503 1325 575 1365 13.)
617 1323 818 1366 Συνίζησις
845 1323 880 1355 δὲ
905 1322 1010 1360 πάθος
1036 1333 1063 1354 τι
1090 1321 1169 1354 οὖσα
1196 1321 1370 1364 παρέπεται
1399 1321 1500 1364 μέτρῳ
1527 1320 1627 1354 παντί·
1653 1319 1795 1352 καλεῖται
1823 1318 1859 1351 δὲ
1879 1318 1935 1350 καὶ
1956 1327 2064 1351 συνεκ-

287 1375 431 1418 φώνησις.
459 1377 522 1407 ἔστι
549 1375 584 1407 δὲ
610 1374 840 1418 καταλογισμὸς
868 1375 900 1406 ἐν
925 1373 1067 1416 ποδισμῷ
1096 1372 1151 1404 δύο
1180 1372 1344 1415 συλλαβῶν
1371 1372 1414 1410 εἰς
1441 1372 1522 1414 μίαν,
1549 1371 1647 1410 οὕτως
1673 1371 1708 1403 δὲ
1735 1369 1816 1403 ὥστε
1842 1370 1919 1403 εἶναι
1950 1368 2065 1408 ταύτας

289 1529 385 1556 ordine
404 1530 559 1560 recesseris,
579 1537 667 1563 paene
687 1529 721 1555 ad
740 1528 853 1554 verbum
873 1536 934 1553 cum
949 1526 1090 1553 ‘Tractatu
1109 1525 1269 1553 Harleiano’
1290 1527 1520 1553 consentientem:
1535 1523 1636 1552 ’Ῑστέον
1653 1525 1694 1551 δτι
1711 1525 1798 1551 πάντα
1814 1525 1848 1556 τά
1866 1523 1910 1559 (τὰ
1928 1523 2020 1551 om.B
2037 1524 2065 1551 id

289 1575 331 1599 est
343 1573 566 1599 Vratislaviensis
580 1573 788 1606 Rehdigeranus
802 1571 854 1597 298
867 1571 914 1597 fol.
933 1571 982 1597 80v
996 1572 1048 1604 sq.)
1069 1572 1152 1604 μέτρα
1170 1571 1239 1604 πλὴν
1256 1570 1303 1596 τοῦ
1322 1570 1379 1604 (τοῦ
1397 1578 1451 1596 om.
1470 1568 1508 1603 R)
1527 1570 1688 1595 δακτυλικοῦ
1707 1569 1779 1595 κατὰ
1797 1569 1916 1594 διποδίαν
1933 1570 2066 1601 mptum.

288 1618 336 1642 καί
355 1614 494 1649 ἀνέρχεται
513 1618 589 1649 μέχρι
607 1617 654 1641 τοῦ
671 1617 859 1647 πενταμέτρου.
895 1615 950 1639 ἐστι
968 1613 1000 1647 δὴ
1021 1613 1180 1647 μονόμετρον
1199 1615 1246 1647 μὸν
1268 1611 1297 1639 τὸ
1321 1614 1384 1646 ἕχον
1407 1613 1492 1644 πόδας
1519 1612 1575 1645 δύο,
1603 1614 1724 1646 δίμετρον
1748 1611 1778 1638 τὸ
1807 1611 1848 1646 (τὸ
1866 1619 1920 1638 om.
1938 1609 1976 1644 R)
2003 1611 2066 1644 Ιχον

289 1659 374 1691 πόδας
392 1661 531 1692 τέσσαρας,
555 1661 691 1692 τρίμετρον
709 1659 738 1684 τό
759 1660 821 1691 ἔχον
840 1659 876 1691 ἐξ,
902 1657 1078 1690 τετράμετρον
1096 1657 1126 1682 τό
1146 1658 1208 1690 ἕχον
1235 1657 1274 1690 (τό
1294 1657 1357 1689 ἒχον
1375 1664 1429 1682 om.
1447 1655 1485 1689 R)
1512 1652 1593 1688 ὀκτώ,
1611 1654 1788 1688 πεντάμετρον
1806 1654 1836 1680 τό
1855 1655 1918 1688 ἔχον
1944 1653 1984 1688 (τὸ
2003 1654 2066 1686 ῐχον

290 1711 343 1729 om.
362 1701 400 1736 R)
420 1704 495 1728 δέκα·
513 1704 560 1728 καί
578 1703 725 1735 περαιτέρω
744 1699 774 1727 οὐ
793 1700 903 1733 πρόεισι.
938 1701 1037 1731 παντὸς
1055 1701 1085 1726 δᾶ
1107 1701 1204 1733 μέτρου
1223 1699 1292 1733 πλὴν
1314 1700 1361 1725 τοῦ
1389 1699 1550 1725 δακτυλικοῦ
1577 1696 1721 1729 ἀποθέσεις
1746 1697 1806 1731 ἤτοι
1830 1696 1992 1731 καταλήξεις
2018 1697 2067 1722 εισι

290 1746 348 1779 (εἰσί
367 1754 420 1772 om.
440 1744 477 1779 R)
496 1747 634 1777 τέσσαρες·
655 1744 920 1777 βραχυκατάληκτον,
939 1743 1147 1776 καταληκτικόν,
1171 1741 1362 1776 ἀκατάληκτον
1387 1744 1435 1768 καί
1457 1740 1703 1775 ὖπερκατάληκτον.
1738 1742 1788 1767 καὶ.
1810 1738 2066 1774 βραχοκατάλνμιτσν

290 1791 336 1821 μέν
346 1790 413 1814 ἐστιν
423 1789 481 1822 (μὲν
494 1790 561 1814 ἐστιν
571 1787 618 1822 R),
637 1787 673 1819 ὥς
682 1789 710 1813 ἂν
719 1789 913 1820 παραδείγματι
923 1788 965 1812 ἐπὶ
975 1788 1021 1812 τοῦ
1041 1788 1203 1819 μονομέτρου
1216 1788 1304 1818 εἰπεῖν,
1317 1786 1383 1819 ὅπερ
1401 1786 1484 1817 ποδός
1501 1785 1567 1811 ὅλου
1587 1786 1669 1811 δεῖται
1687 1784 1754 1817 πρὸς
1771 1781 1943 1817 ἀπαρτισμόν,
1961 1784 2017 1809 οἷον
2033 1782 2064 1808 τὸ

289 1833 348 1864 φεῦ
367 1832 426 1864 φεῦ
444 1831 462 1864 ῆ
480 1830 510 1856 τὸ
531 1831 565 1856 ἰώ
582 1830 599 1864 ἠ
618 1831 647 1856 τὸ
668 1832 714 1856 ἔα·
750 1831 836 1856 ταῦτα
853 1829 905 1863 γὰρ
925 1829 1073 1862 μονόμετρα
1094 1830 1147 1855 ἐστι
1165 1828 1326 1863 (μονόμετρα
1344 1830 1392 1854 εἰσί
1410 1827 1448 1862 R)
1471 1827 1716 1862 βραχυκατοίληκτα
1739 1827 1782 1852 διὰ
1806 1826 1836 1852 τὸ
1861 1827 1931 1860 ῑχιιν
1953 1827 2000 1860 μὲν
2021 1825 2066 1852 τὸν

290 1876 336 1900 ἕνα
355 1875 434 1906 πόδα,
453 1875 499 1900 τοῦ
519 1875 610 1907 ἑτέρου
630 1875 660 1900 δὲ
677 1875 823 1900 λείπεσθαι.
859 1872 1060 1906 καταληκτικόν
1079 1873 1109 1898 δὲ
1126 1872 1156 1897 τὸ
1176 1871 1301 1905 δεόμενον
1319 1871 1380 1904 μιᾶς
1398 1871 1533 1904 συλλαβῆς
1550 1870 1618 1904 πρὸς
1636 1868 1807 1903 ἀπαρτισμόν,
1832 1870 1888 1896 οἷον
1905 1869 1936 1895 τὸ
1958 1868 1995 1895 zu}
2012 1876 2067 1902 μοι

288 1918 306 1951 ἧ
326 1918 355 1943 τὸ
375 1917 456 1950 ὤμοι
475 1917 561 1951 (ἰώμοι
578 1916 616 1950 Β)
636 1925 698 1950 μοι.
734 1918 819 1942 ταῦτα
836 1916 889 1949 γάρ
912 1917 952 1949 (δὲ
970 1914 1008 1949 Β)
1033 1915 1183 1948 μονόμετρα
1202 1917 1255 1941 ἐστι
1283 1915 1443 1949 (μονόμετρα
1462 1916 1516 1940 ἐστὶ
1533 1913 1571 1947 R)
1598 1913 1787 1947 καταληπτικά
1806 1913 1850 1939 διὰ
1866 1912 1896 1939 τό
1916 1913 1986 1946 Ιχειν
2003 1911 2067 1938 ὅλον

289 1961 360 1987 πόδα
378 1963 425 1986 καί
444 1963 504 1994 μίαν
522 1960 655 1993 συλλαβήν
672 1959 732 1993 ἤτοι
749 1959 828 1992 ἥμισυ
847 1958 938 1991 ποδός,
955 1960 1095 1985 λείπεσθαι
1118 1960 1148 1984 δὲ
1167 1959 1229 1991 μιᾶς
1255 1959 1390 1991 συλλαβῆς
1415 1958 1482 1990 πρὸς
1510 1955 1681 1990 ἀπαρτισμὸν.
1717 1954 1908 1989 ἀκατάληκτον
1934 1956 1972 1988 δέ,
1999 1954 2066 1988 ὅπερ

289 2002 498 2037 ἀπηρτισμένους
516 2005 573 2036 ἔχει
590 2003 652 2034 τοὺς
669 2002 763 2034 πόδας,
781 2004 836 2028 οῖον
854 2002 885 2027 τὸ
904 2002 952 2027 ἰοὺ
972 2001 1022 2027 ἰού
1040 2001 1057 2035 ἦ
1078 2001 1147 2035 (ἢτοι
1165 2001 1203 2035 R)
1222 2002 1252 2028 τὸ
1271 2001 1306 2027 Ζῶ
1325 2001 1359 2027 ἰώ
1376 2000 1394 2035 ἧ
1413 2001 1444 2027 τὸ
1463 2002 1521 2034 φεῦ
1540 2001 1599 2033 φεῦ
1618 1999 1653 2026 ἰώ
1671 2000 1714 2034 (Im
1731 1998 1778 2033 Β)-
1802 2000 1887 2026 ταῦτα
1903 1998 1956 2032 γὰρ
1974 1999 2015 2032 (ab
2027 1996 2065 2031 Β)

290 2046 438 2080 μονόμετρα
459 2048 526 2072 ἑστιν
545 2045 706 2080 (μονόμετρα
725 2046 787 2071 εἰσίν
804 2043 843 2078 R)
862 2043 1042 2078 ἀκατάληκτα
1061 2045 1104 2070 διὰ.
1122 2045 1151 2070 τὸ
1172 2043 1380 2078 ἀπηρτισμένους
1398 2045 1468 2077 ἔχειν
1491 2044 1553 2075 τοὺς
1579 2043 1666 2074 πόδας
1691 2044 1739 2069 καὶ
1766 2043 1802 2076 μὴ
1830 2043 1944 2074 ἐλλιπεῖς
1970 2039 2007 2073 ὥς
2032 2041 2064 2067 ὀὐ

289 2091 423 2123 εἰρημένα.
459 2088 697 2122 ὑπερκατάληκτον
716 2090 746 2113 δὲ
763 2088 793 2113 τὸ
813 2089 876 2120 ἔχον
894 2089 940 2120 μὲν
959 2085 1167 2120 ἀπηρτισμένους
1185 2088 1247 2119 τοὺς
1264 2087 1358 2120 πόδας,
1377 2088 1439 2120 ἔχον
1457 2088 1487 2112 δὲ
1505 2088 1551 2112 καί
1573 2083 1706 2119 συλλαβὴν
1729 2087 1789 2119 μίαν
1812 2086 1929 2111 πλείονα.
1964 2085 2067 2118 εῑρηται

289 2134 319 2158 δὲ
337 2132 406 2166 πλὴν
423 2133 470 2158 τοῦ
490 2132 661 2162 δακτυλικοῦ,
678 2130 718 2157 ὅτι
735 2130 814 2156 τοῦτο
833 2131 911 2164 μόνον
929 2130 1000 2156 κατὰ
1019 2132 1178 2163 μονοποδίαν
1196 2134 1328 2164 μετρεῖται
1346 2129 1390 2156 διὰ
1411 2130 1442 2155 τὸ
1466 2131 1532 2155 εἶναι
1557 2129 1620 2160 τούς
1637 2128 1724 2160 πόδας
1748 2125 1945 2161 τρισυλλάβως.
1962 2124 2022 2154 κτλ.
2056 2126 2080 2162 Ι

290 2184 352 2209 pag.
373 2176 412 2206 11,
431 2175 466 2201 28
483 2174 563 2201 ὁποῖα
586 2174 632 2200 οὖν
650 2173 682 2200 Κ
723 2174 733 2208 ΙΙ
782 2182 844 2207 pag.
870 2174 910 2204 12,
935 2174 947 2200 1
969 2175 1015 2207 μὲν
1039 2175 1106 2199 ἐστὶν
1124 2173 1151 2199 Ρ
1195 2173 1205 2208 ΙΙ
1252 2173 1269 2199 2
1287 2172 1372 2207 ὅλου]
1391 2172 1471 2206 μόνου
1490 2171 1523 2198 K
1565 2172 1575 2206 fl
1622 2173 1655 2198 ἔα
1674 2169 1768 2198 ΚΡΜ
1781 2173 1866 2205 atque
1888 2171 1955 2197 item
1973 2169 2012 2202 Π,
2036 2172 2067 2196 ut

289 2218 415 2252 videtur]
435 2220 464 2244 ἐε
474 2226 573 2244 manus
591 2217 714 2244 secunda
731 2217 759 2243 in
778 2216 806 2243 B
840 2216 850 2251 ΙΙ
885 2217 1036 2250 μονόμετρα
1048 2218 1101 2242 ἐστι
1120 2215 1155 2242 H
1184 2215 1194 2251 11
1229 2216 1245 2242 3
1259 2217 1350 2249 ἑτάρου
1363 2215 1412 2250 δᾶ]
1430 2217 1461 2241 δᾶ
1473 2214 1608 2248 ἑτέρουΚ
1639 2214 1649 2248 η
1683 2214 1702 2240 4
1713 2216 1743 2240 δὲ
1755 2214 1806 2249 τὸ]
1822 2214 1854 2240 τὸ
1865 2212 1894 2240 Ρ
1926 2213 1937 2249 Ι
1971 2213 2067 2246 απρὸς

290 2262 341 2288 inc.
361 2261 409 2288 fol.
428 2261 547 2287 205rH
578 2261 588 2295 ΙΙ
622 2261 639 2286 5
658 2260 807 2293 μονόμετρα
826 2261 879 2285 ὲοτί
897 2260 947 2294 (sic
966 2268 1002 2286 nn
1021 2261 1082 2290 εστι,
1101 2259 1245 2292 incertum)
1265 2258 1300 2284 H
1336 2258 1346 2293 ΙΙ
1386 2259 1401 2284 7
1420 2259 1476 2291 ἔχει
1494 2257 1530 2284 H
1564 2257 1574 2291 fl
1609 2259 1664 2283 οἷον
1683 2257 1745 2291 (inc.
1765 2257 1813 2284 fol.
1825 2257 1862 2283 4¹
1875 2255 1920 2290 Κ)
1937 2256 1968 2282 τὸ
1987 2256 2018 2282 ἰὼ
2036 2256 2067 2282 ἰὼ

289 2304 306 2338 ἧ
326 2305 356 2330 τὸ
376 2304 415 2330 ἰοὺ
435 2304 474 2330 ἰοὺ
493 2303 525 2330 K
565 2304 575 2338 ss
628 2303 667 2329 ἰου
685 2302 723 2336 ἣ]
743 2302 782 2328 ἰοὺ
801 2302 818 2336 ἣ
838 2301 877 2333 H
895 2305 925 2328 ut
943 2303 1052 2328 videtur
1099 2302 1108 2336 ΙΙ
1157 2303 1174 2328 8
1193 2302 1228 2328 ab
1246 2299 1426 2335 ἀκατάληκτα
1443 2301 1649 2327 inc.fol.180v
1667 2299 1704 2326 M
1743 2300 1754 2335 ΙΙ
1801 2301 1818 2326 9
1836 2301 1966 2331 mund<
1984 2297 2020 2325 Π
2055 2298 2066 2333 Ι

291 2348 321 2373 11
342 2348 451 2373 πλείονα
475 2354 528 2372 om.
550 2345 578 2372 Ρ
620 2345 630 2380 ΙΙ
675 2346 707 2372 12
730 2354 802 2371 ’κατα
824 2344 857 2371 Κ
897 2345 906 2379 fl
952 2346 984 2371 13
1007 2345 1102 2379 μέχρι]
1122 2344 1185 2378 ἄχρι
1203 2344 1235 2371 Κ
1276 2344 1286 2378 ΙΙ
1335 2344 1368 2370 14
1384 2346 1520 2377 τρίμετρον
1538 2345 1569 2370 δὲ
1585 2343 1616 2369 τὸ
1635 2342 1662 2369 Ρ
1705 2344 1714 2377 ΙΙ
1759 2343 1792 2369 15
1809 2337 1962 2376 παρατῆρω
1980 2340 2018 2368 Μ
2056 2341 2067 2377 Ι

290 2390 380 2423 ἐπειδὴ
401 2389 441 2422 Μ,
461 2389 551 2423 δπειδὴ
571 2397 606 2415 an
625 2388 701 2422 ἐπιδή
715 2389 848 2414 incertum
866 2388 901 2414 H
932 2388 942 2423 ΙΙ
978 2389 1010 2414 17
1029 2395 1090 2422 sqq.
1110 2388 1145 2414 ad
1164 2388 1180 2421 fi
1202 2388 1233 2414 13
1252 2387 1324 2414 conf.
1343 2387 1464 2414 Pseudo·
1456 2387 1554 2421 -.Heph
1574 2387 1591 2420 ᾗ
1609 2387 1658 2413 31⁸
1672 2389 1700 2412 et
1716 2386 1750 2413 H.
1769 2394 1817 2412 zur
1833 2384 2066 2412 Jacobmuefflen

290 2433 355 2459 ibid.
374 2440 436 2466 pag.
456 2433 490 2458 74-
507 2440 576 2466 sqq..
595 2432 625 2458 L.
644 2431 724 2458 Voltz
742 2432 760 2457 l.
779 2440 802 2458 c.
815 2439 877 2465 pag.
896 2432 938 2458 25.
957 2431 999 2457 27.
1020 2431 1053 2457 14-
1071 2439 1141 2464 sqq..
1159 2430 1307 2457 Henn‘eum
1325 2430 1495 2457 Grossmann
1509 2429 1557 2456 'de
1575 2430 1717 2456 doctrinae
1734 2429 1864 2456 meh-ncne
1881 2428 2007 2462 reliquiis
2029 2427 2066 2454 ab

290 2476 434 2502 Eustathio
453 2473 580 2502 servatis'
600 2483 663 2509 pag.
678 2475 710 2501 15
729 2483 790 2508 sqq.
825 2475 835 2509 ΙΙ
871 2475 903 2500 17
923 2483 939 2500 a
957 2475 1086 2507 συνίζησις
1105 2474 1157 2500 inc.
1176 2474 1224 2500 fol.
1243 2472 1335 2500 83rP
1369 2473 1378 2508 ΙΙ
1417 2475 1442 2500 τί
1459 2472 1523 2506 ΚΡ,
1541 2475 1579 2505 τίς
1598 2471 1667 2499 ΜΗ
1697 2472 1707 2507 fl
1742 2472 1776 2499 18
1793 2472 1868 2506 prius
1886 2473 1918 2498 δὲ
1929 2470 2024 2498 οιιι.Ρ
2056 2471 2068 2506 Ι

291 2519 427 2552 posterius
447 2521 476 2544 δὲ
489 2519 594 2544 habent
612 2517 681 2544 ΜΗ
696 2520 723 2544 et
741 2518 1088 2551 Pseudo-Hephaestionis
1108 2518 1125 2551 ᾖ
1144 2518 1193 2543 31⁸
1216 2517 1334 2548 codices,
1353 2524 1407 2543 om.
1426 2515 1483 2543 KP
1516 2516 1525 2550 ΙΙ
1561 2513 1622 2542 ὥστ’
1638 2517 1703 2541 εἶναι
1720 2514 1755 2548 Ρ,
1772 2514 1842 2541 ὥστε
1859 2515 1924 2548 (om.
1942 2514 2070 2549 annox
