2138 2748
297 267 337 298 34

449 350 655 383 CAROLUS
681 351 939 389 WERNICKE,
965 353 1022 385 Dr.
1050 354 1084 385 P.
1111 352 1146 385 P.
1174 352 1213 385 E.
1250 352 1425 384 Publice
1458 353 1483 386 1.
1531 355 1580 386 De
1607 358 1768 387 structura
1796 359 1824 387 et
1842 355 2064 395 functionibus
2132 395 2136 403 .>

296 404 416 435 cerebri
439 403 583 434 disseret
606 403 708 434 semel
731 415 792 446 per
814 403 913 436 hebd.
957 403 1153 437 Privatim
1176 405 1216 437 11.
1257 404 1409 436 Clinicum
1431 405 1676 446 psychiatricum
1699 409 1727 437 et
1741 407 1977 447 neuraloyicum
1998 417 2066 438 mo·
2132 405 2134 407 ’

297 454 467 486 derabitur
491 459 609 497 quater
631 465 692 497 per
714 454 815 488 hebd.

448 521 708 555 GUILELMUS
726 522 864 560 ROUX,
887 523 945 556 Dr.
961 523 997 556 P.
1010 523 1045 556 P.
1058 523 1097 556 E.
1130 523 1268 555 Gratis
1286 524 1309 556 Ι.
1342 524 1455 556 Cordis
1471 528 1499 556 et
1515 527 1706 557 arteriarum
1722 528 1913 559 anatomiam
1930 527 2066 558 docebit

296 573 398 605 semel
422 585 482 616 per
504 574 604 606 hebd.
650 575 846 607 Privatim
869 575 909 607 II.
947 577 996 607 De
1018 576 1168 607 monstris
1191 576 1327 607 hominis
1351 580 1428 618 aget
1457 575 1559 606 semel
1582 587 1642 618 per
1664 576 1765 610 hebd.

447 633 595 667 IULIUS
626 635 789 673 BRUCK,
824 636 882 667 Dr.
927 635 1127 667 Privatim
1158 635 1182 668 Ι.
1220 635 1342 668 Selecta
1368 637 1474 677 capita
1496 637 1699 678 patholoyiae
1727 641 1754 669 et
1782 638 1944 679 ther-apiae
1971 639 2066 670 odon-

296 686 439 717 tiatricae
463 685 600 718 docebit
623 690 673 718 ter
696 698 756 729 per
779 687 880 719 hebd.
903 687 936 720 h.
962 687 1026 719 def.
1071 687 1363 718 Privatissime
1387 687 1426 719 ΙΙ.
1486 688 1703 720 Policlinicum
1731 690 1974 722 odontiatricum
1994 700 2065 721 mo-

295 736 466 769 derabitur
489 737 651 779 quotidie.

447 805 642 838 IACOBUS
668 806 944 848 GOTTSTEIN,
966 806 1024 839 Dr.
1071 806 1215 839 Gratis
1240 807 1262 838 I.
1287 809 1539 840 Emercitationes
1556 809 1771 849 diaynosticas
1793 813 1823 841 et
1837 810 2067 852 therapeutica-3

296 858 333 888 de
355 857 474 888 morbis
497 858 612 898 oryani
634 859 761 889 auditus
773 857 913 889 habebit
935 857 1037 888 semel
1061 869 1121 900 per
1136 858 1237 891 hebd.
1261 858 1294 891 h.
1319 858 1384 891 def.
1428 858 1717 891 Privatissime
1741 860 1780 893 ΙΙ.
1815 862 2068 894 Eaeercitationes

294 909 534 949 rhinoscopicas
557 912 586 940 et
608 909 885 950 larynyoscopicas
906 909 1086 951 policlinice
1111 910 1292 942 morborum
1307 911 1390 947 nasi,
1411 911 1597 953 pharynyis,
1622 912 1763 953 larynyis
1785 913 1934 944 adiuncta
1956 912 2067 944 mode-

296 959 422 990 rabitur
444 959 497 990 bis
520 970 581 1001 per
603 959 704 991 hebd.
730 960 761 992 h.
786 959 850 991 def.

445 1019 686 1052 ERNESTUS
724 1020 984 1057 FRAENKEL,
1020 1020 1078 1053 Dr.
1125 1021 1270 1054 Gratis
1305 1022 1328 1055 1.
1376 1024 1424 1054 De
1447 1024 1537 1055 novis
1560 1025 1708 1055 sectionis
1731 1034 1900 1056 caesareae
1917 1025 2068 1057 methodis

297 1070 440 1101 disseret
462 1070 564 1102 semel
588 1082 648 1113 per
671 1071 770 1103 hebd.
793 1071 826 1104 h.
851 1071 917 1105 def.
962 1072 1157 1104 Privatim
1179 1073 1220 1106 ΙΙ.
1255 1074 1508 1107 Emercitationes
1529 1076 1786 1116 yynaecoloyicas
1804 1077 2068 1118 propaedeuticas

297 1122 435 1153 habebit
459 1122 489 1153 d.
513 1121 611 1156 Mart.
635 1123 706 1155 Iov.
731 1123 815 1156 Ven.
839 1123 871 1155 h.
894 1123 935 1156 Π.

449 1181 692 1214 GUSTAVUS
716 1183 892 1219 IOSEPH,
916 1183 975 1217 Dr.
1012 1183 1206 1217 Privatim
1230 1185 1254 1218 1.
1291 1186 1541 1227 Morphotoyiam
1561 1191 1589 1218 et
1604 1187 1768 1219 historiam
1791 1188 1976 1220 evolationis
1991 1188 2068 1220 den-

296 1235 372 1266 tium
395 1237 423 1265 et
446 1235 632 1266 animalium
655 1238 684 1266 et
705 1235 841 1267 hominis
863 1237 1096 1277 comparativas
1120 1236 1256 1268 docebit
1277 1237 1329 1268 bis
1354 1248 1414 1279 per
1437 1237 1536 1270 hebd.
1555 1238 1586 1269 h.
1606 1238 1671 1270 def.
1715 1239 1756 1270 ΙΙ.
1796 1238 1918 1280 Capitis
1939 1239 2070 1272 humani

296 1286 507 1327 osteoloyiam‚
531 1289 698 1318 anatomen
720 1288 835 1328 capitis
857 1288 1069 1319 universalem
1091 1292 1293 1330 respectum-s·
1315 1288 1426 1320 tradet
1450 1289 1501 1320 bis
1525 1299 1585 1331 per
1607 1289 1708 1322 hebd.
1731 1289 1766 1323 h.
1790 1289 1856 1321 def.

448 1344 650 1377 IOANNES
668 1345 923 1384 KOLACZEK,
955 1347 1013 1380 Dr.
1052 1347 1193 1380 Gratis
1209 1348 1233 1381 Ι.
1278 1350 1532 1382 Eaeercitaliones
1547 1350 1582 1381 in
1597 1350 1731 1382 vinculis
1747 1350 1933 1382 adhibendis
1948 1349 2070 1393 diriget

298 1396 401 1427 semel
434 1407 494 1438 per
528 1396 628 1430 hebd.
666 1397 699 1430 h.
739 1397 804 1431 def.
859 1398 1057 1430 Privatim
1091 1399 1131 1431 Π.
1180 1399 1228 1431 De
1253 1400 1415 1439 fracturis
1449 1403 1478 1431 et
1512 1400 1727 1433 taxationibus
1761 1400 1905 1432 disseret
1931 1404 1984 1433 ter
2009 1411 2071 1443 per

296 1447 398 1481 hebd.
421 1447 453 1479 h.
479 1447 544 1480 def.

449 1507 733 1541 OTTOMARUS
757 1509 1044 1547 ROSENBACH,
1070 1510 1127 1543 Dr.
1174 1510 1313 1542 Gratis
1336 1512 1360 1542 Ι.
1405 1512 1657 1544 Eoeercitationes
1681 1513 1895 1553 diaynosticas
1917 1513 2071 1545 instituet

296 1570 353 1591 nec
380 1571 445 1592 non
478 1564 669 1593 secretorum
702 1565 730 1593 et
764 1565 959 1594 eoecretorum
987 1563 1234 1604 explorationem
1264 1562 1400 1594 docebit
1433 1562 1535 1594 semel
1565 1574 1624 1605 per
1656 1563 1755 1596 hebd.
1810 1564 1851 1597 11.
1905 1565 1954 1597 De
1986 1569 2071 1598 statu

297 1621 430 1643 nervoso
454 1612 583 1653 eiusque
606 1612 751 1654 ther-apia
774 1617 852 1656 aget
875 1613 977 1645 semel
1000 1624 1061 1656 per
1082 1613 1184 1645 hebd.

448 1671 686 1704 ALFREDUS
716 1672 995 1710 BUCHWALD‚
1037 1673 1095 1706 Dr.
1142 1673 1281 1706 Gratis
1310 1674 1335 1707 1.
1388 1675 1437 1707 De
1467 1675 1585 1707 morbis
1613 1685 1725 1707 renum
1752 1679 1780 1707 et
1813 1676 1852 1707 de
1883 1677 2071 1718 renoscopia

300 1727 376 1765 aget
400 1723 502 1754 semel
525 1734 586 1765 per
608 1723 709 1756 hebd.
754 1724 950 1757 Privatim
972 1724 1013 1757 ΙΙ.
1062 1726 1238 1767 Therapiae
1261 1727 1366 1768 capita
1389 1727 1502 1758 selecta
1526 1732 1695 1769 proponet
1716 1727 1769 1758 bis
1794 1737 1853 1769 per
1874 1726 1976 1766 hebd.

450 1782 676 1816 IOSEPHUS
706 1783 875 1822 IACOBI,
912 1786 968 1818 Dr.
1036 1785 1178 1817 Gratis
1217 1786 1240 1819 1.
1297 1787 1345 1818 De
1379 1787 1513 1819 historia
1547 1790 1577 1818 et
1602 1787 1796 1828 prophylaxi
1824 1788 1962 1828 pestium
1994 1792 2071 1830 aget

301 1835 404 1866 semel
426 1846 486 1876 per
508 1835 610 1868 hebd.
655 1835 852 1867 Privatim
875 1836 916 1868 ΙΙ.
950 1837 1142 1870 Medicinam
1161 1838 1327 1878 sorensem
1350 1837 1461 1869 tradet
1483 1838 1535 1869 bis
1558 1848 1619 1880 per
1640 1837 1740 1871 hebd.

450 1894 785 1927 MAXIMILIANUS
810 1895 1010 1933 WIENER,
1038 1896 1095 1929 Dr.
1142 1897 1283 1929 Gratis
1314 1897 1337 1930 l.
1381 1899 1430 1930 De
1455 1898 1574 1930 morbis
1597 1900 1780 1931 ovariorum
1803 1898 1947 1931 disseret
1968 1899 2071 1930 semel

298 1957 358 1988 per
380 1946 482 1978 hebd.
506 1945 538 1978 h.
563 1946 629 1978 def.
673 1947 868 1979 Privatim
892 1947 932 1980 ΙΙ.
979 1948 1115 1980 Cursum
1139 1950 1359 1991 operationum
1381 1949 1634 1982 obstetriciarum
1655 1951 1690 1982 in
1708 1951 1910 1991 phantomate
1932 1949 2072 1982 habebit

298 2003 348 2029 ter
370 2008 431 2040 per
445 1997 546 2029 hebd.
563 1997 595 2028 h.
613 1997 678 2031 def.

450 2057 787 2091 MAXIMILIANUS
820 2059 1132 2092 BERNHARDUS
1157 2060 1340 2093 FREUND
1378 2061 1436 2094 Dr.
1482 2061 1624 2093 Gratis
1648 2061 1672 2094 Ι.
1716 2062 1765 2093 De
1786 2061 1904 2094 morbis
1927 2062 2071 2103 conyeni-

298 2110 418 2142 talibus
442 2114 519 2151 aget
543 2110 646 2141 semel
668 2121 730 2152 per
752 2111 853 2143 hebd.
877 2110 909 2144 h.
933 2111 998 2144 def.
1043 2111 1242 2143 Privatim
1265 2112 1307 2145 11.
1353 2114 1400 2145 De
1422 2114 1541 2145 morbis
1563 2117 1770 2145 neonatorum
1797 2112 1942 2145 disseret
1969 2112 2071 2146 semel

297 2171 357 2203 per
379 2161 481 2194 hebd.
504 2161 537 2194 h.
561 2161 627 2194 def.
2086 2160 2089 2167 ¹

451 2221 705 2254 TRAUGOTT
728 2222 929 2259 KRONER,
962 2223 1020 2255 Dr.
1072 2223 1212 2255 Gratis
1235 2224 1259 2255 Ι.
1295 2225 1549 2256 Exercitationes
1571 2225 1830 2265 yynaecoloyicas
1857 2225 2071 2266 diaqnoaeticas

298 2272 436 2303 habebit
470 2273 569 2305 seme]
606 2284 666 2316 per
696 2273 796 2307 hebd.
831 2274 864 2305 h.
893 2274 958 2307 def.
1009 2274 1181 2307 Publice
1214 2276 1255 2307 ΙΙ.
1312 2277 1360 2308 De
1393 2277 1511 2308 morbis
1543 2276 1710 2308 mulierum
1745 2275 1888 2307 disseret
1920 2276 1972 2308 bis
2010 2286 2072 2319 per

296 2323 398 2357 hebd.
421 2324 455 2357 h.
479 2324 545 2358 def.

449 2384 727 2418 FRANCISCUS
750 2385 1023 2425 ROEHMANN‚
1048 2387 1106 2420 Dr.
1152 2387 1293 2420 Gratis
1321 2389 1345 2421 I.
1371 2406 1373 2408 -
1391 2389 1439 2420 De
1459 2388 1659 2430 physiologia
1679 2399 1791 2420 renum
1806 2391 1835 2420 et
1847 2387 2071 2429 ylandalaram

298 2436 554 2476 sudoriferarum
589 2441 617 2469 et
650 2437 866 2477 laetiferarum
900 2443 978 2480 aget
1011 2438 1042 2471 d.
1077 2439 1160 2473 Lun.
1195 2439 1228 2471 h.
1251 2439 1310 2473 IV.
1365 2441 1405 2472 II.
1456 2441 1710 2472 Emercitationes
1742 2440 1880 2472 chemiae
1907 2441 2071 2481 practicae

299 2486 439 2520 habebit
462 2487 513 2519 bis
537 2499 597 2531 per
620 2488 720 2521 hebd.
745 2489 777 2522 h.
802 2489 864 2521 des.
