2138 2748
1078 243 1119 274 26

361 346 641 380 BERNARDUS
665 344 905 385 KOSMANN,
930 345 986 376 Dr.
1023 345 1163 377 Gratis
1179 346 1203 378 I.
1241 347 1359 378 Terrae
1382 346 1556 379 Silesiacae
1575 348 1749 387 yeoloyiam
1772 346 1909 379 docebit
1930 347 1982 380 bis

210 411 271 442 per
302 399 403 432 hebd.
434 399 466 431 h.
497 397 692 440 postmerid.
723 396 789 430 def.
844 397 1042 428 Privatim
1069 398 1110 429 ΙΙ.
1170 399 1344 431 Doctrinae
1377 399 1415 430 de
1447 399 1582 430 materia
1613 399 1814 430 mineraliam
1846 399 1984 432 chemica

209 452 360 484 elementa
384 450 543 482 tractabit
567 453 687 491 quater
709 459 770 490 per
792 447 894 480 hebd.
917 447 950 479 h.
973 453 1051 480 mat.
1076 448 1141 480 def.

360 499 632 533 LEOPOLDUS
663 499 801 536 COHN,
836 499 895 531 Dr.
939 498 1134 530 Privatim
1162 500 1188 532 Ι.
1233 501 1280 531 De
1313 501 1440 532 iudiciis
1478 500 1673 533 Graecorum
1707 505 1735 533 et
1770 502 1984 535 Romanorum

209 553 352 585 disseret
380 556 431 584 ter
458 562 519 594 per
550 551 653 584 hebd.
682 551 714 583 h.
739 550 804 582 def.
849 550 1139 582 Privatissime
1169 555 1208 582 et
1232 551 1373 582 Gratis
1396 551 1436 583 11.
1481 553 1732 584 Exercitationes
1762 554 1982 595 epigraphicae

208 603 374 636 moderari
398 607 516 646 perget
539 602 643 634 semel
666 612 726 644 per
749 601 850 633 hebd.
874 601 908 634 h.
932 601 997 634 def.

359 653 576 686 AEMILIUS
600 652 773 694 ROHDE,
797 653 856 686 Dr.
900 653 1097 684 Privatim
1122 653 1145 685 Ι.
1192 655 1373 693 Zooloyiam
1397 655 1582 686 animalium
1604 656 1818 687 mammalium
1847 655 1984 687 docebit

207 710 258 738 ter
281 717 341 748 per
365 705 463 737 hebd.
489 705 521 736 h.
547 704 613 737 def.
658 704 699 735 II.
744 705 998 736 Exercitationes
1021 705 1201 745 zooloyicas
1225 709 1254 737 et
1275 707 1521 747 microscopicas
1550 706 1779 738 moderabitur
1805 707 1885 747 (una
1908 717 1980 738 cum

208 756 420 789 Schneidero
443 756 479 788 P.
504 756 540 789 P.
566 755 619 795 O.)
643 755 674 787 d.
699 755 784 787 Lun.
809 759 842 786 et
865 755 935 788 Iov.
965 754 997 788 h.
1017 755 1047 786 V
1064 760 1097 787 et
1115 755 1170 789 VI.

359 807 686 839 FERDINANDUS
716 806 823 843 PAX,
852 806 911 838 Dr.
957 806 1097 838 Gratis
1124 808 1149 839 I.
1196 809 1426 848 Excursiones,
1459 819 1538 850 quas
1567 812 1680 841 vocant
1707 809 1882 849 butanica-⁴5,
1916 820 1982 842 una

209 870 283 891 cum
312 858 461 902 Englero
485 859 522 891 P.
545 858 581 890 P.
606 857 647 890 O.
675 858 830 889 instituet
859 857 891 891 d.
916 857 986 889 Sat.
1016 858 1049 890 h.
1072 858 1130 891 111.
1174 859 1372 890 Privatim
1395 859 1435 892 II.
1483 859 1717 902 Geoyrapkiam
1734 861 1921 902 plantarum
1949 862 1984 893 in

206 912 341 952 Europa
363 911 569 942 crescentium
593 914 741 952 exponet
770 914 820 940 ter
843 919 904 951 per
927 908 1028 941 hebd.
1058 908 1090 940 h.
1116 909 1181 942 def.
1226 909 1283 941 ΙΙΙ.
1328 911 1581 943 Exercitationes
1610 912 1654 943 ad
1675 912 1806 952 plantas
1837 913 1982 944 determi-

206 963 333 994 nandas
356 963 488 994 idonea-3
511 961 743 992 moderabitur
766 961 799 993 d.
823 960 905 991 Lun.
930 960 962 992 h.
986 960 1019 991 X
1043 965 1076 992 et
1099 960 1158 992 XI.

361 1011 594 1044 GEORGIUS
614 1011 828 1050 GUERICH,
846 1011 904 1044 Dr.
938 1012 977 1043 In
993 1011 1139 1043 Africam
1156 1011 1399 1044 occidentalem
1417 1012 1591 1055 profectus
1605 1013 1742 1045 scholas
1754 1024 1822 1045 non
1835 1013 1983 1047 habebit.

361 1063 487 1095 OTTO
514 1063 764 1104 ROSSBACH,
793 1063 851 1095 Dr.
895 1062 1187 1095 Privatissime
1212 1069 1251 1095 et
1274 1065 1406 1107 gratis
1429 1065 1455 1098 Ι.
1498 1066 1752 1097 Exercitationes
1774 1066 1983 1107 philologiam

208 1114 346 1147 babebit
362 1116 400 1147 de
421 1116 513 1147 Flori
528 1116 663 1156 epitoma
680 1115 731 1146 bis
748 1125 808 1156 per
822 1113 924 1146 hebd.
942 1114 974 1147 h.
992 1114 1057 1147 def.
1083 1114 1222 1146 Gratis
1238 1115 1279 1148 ΙΙ.
1303 1117 1556 1148 Exercitationes
1573 1116 1828 1157 archaeoloyicae
1845 1116 1986 1148 habebit

207 1166 310 1197 semel
327 1177 388 1208 per
411 1166 512 1200 hebd.
536 1166 569 1198 h.
593 1165 659 1198 def.
698 1166 897 1197 Privatim
918 1166 976 1198 III.
1011 1167 1188 1198 Historiam
1209 1169 1354 1207 picturae
1377 1169 1525 1210 antiquae
1547 1167 1659 1199 tradet
1674 1173 1725 1199 ter
1747 1178 1810 1210 per
1825 1167 1927 1200 hebd.
1951 1167 1983 1201 d.

207 1218 291 1250 Lun.
315 1217 414 1250 Mart.
437 1218 509 1249 Iov.
534 1217 568 1249 h.
584 1218 672 1249 VIII.

359 1268 608 1300 ARTHURUS
630 1267 885 1305 PAKSCHER,
909 1268 968 1301 Dr.
1013 1269 1210 1301 Privatim
1237 1271 1261 1302 I.
1310 1270 1557 1302 Grammaticam
1585 1271 1711 1311 linquae
1743 1270 1883 1302 Gallicae
1905 1271 1984 1303 Pro-

207 1320 352 1351 vincialis
376 1319 513 1351 docebit
536 1318 568 1352 d.
594 1319 675 1352 Lun.
700 1319 732 1352 h.
756 1319 787 1350 X
813 1324 846 1351 et
867 1320 926 1352 XI.
958 1319 999 1352 ΙΙ.
1033 1321 1205 1353 Petrarcae
1227 1322 1341 1353 selecta
1364 1322 1508 1354 carmina
1530 1322 1805 1364 interpretabitur
1828 1320 1861 1355 d.
1882 1320 1983 1354 Mart.

210 1371 242 1403 h.
266 1370 299 1402 X
323 1375 356 1402 et
379 1370 437 1403 XI.

359 1421 622 1454 RICHARDUS
646 1421 995 1458 REITZENSTEIN,
1020 1421 1078 1455 Dr.
1124 1422 1415 1455 Privatissime
1439 1428 1476 1455 et
1499 1424 1630 1467 gratis
1659 1425 1684 1456 I.
1729 1425 1983 1456 Exercitationes

202 1474 412 1514 philologicos
435 1473 575 1505 habebit
598 1473 701 1504 semel
724 1484 784 1515 per
808 1473 909 1505 hebd.
934 1473 965 1505 h.
991 1473 1057 1506 def.
1102 1474 1297 1506 Privatim
1321 1476 1361 1508 ΙΙ.
1403 1475 1518 1508 Catulli
1539 1477 1685 1508 carmina
1707 1475 1983 1518 interpretabitur

209 1524 240 1556 d.
263 1524 346 1555 Lun.
371 1525 469 1556 Mart.
492 1526 563 1558 Iov.
587 1525 619 1557 h.
643 1527 685 1558 X.

358 1575 642 1609 THEODORUS
667 1577 805 1614 SIEBS,
830 1576 889 1609 Dr.
935 1576 1077 1608 Gratis
1101 1577 1126 1609 I.
1167 1577 1268 1609 Taciti
1292 1577 1496 1610 Germaniam
1519 1579 1794 1621 interpretabitur
1815 1589 1883 1610 una
1906 1589 1981 1610 cum

206 1627 317 1658 Felice
351 1627 461 1664 Dahn,
495 1629 552 1661 Dr.
586 1627 622 1660 P.
655 1628 691 1659 P.
717 1627 768 1667 O.‚
798 1628 840 1660 cf.
871 1627 943 1660 ord.
978 1628 1294 1661 iureconsultorum.
1352 1628 1545 1661 Privatim
1573 1630 1614 1662 ΙΙ.
1674 1631 1851 1662 Historiam
1875 1630 1984 1671 poesis

206 1679 400 1711 dramaticae
433 1680 623 1712 Tneodiscae
654 1679 822 1711 enarrabit
851 1679 882 1712 d.
911 1680 992 1712 Lun.
1022 1680 1123 1712 Mero.
1146 1679 1230 1712 ven.
1260 1679 1293 1712 h.
1322 1680 1397 1712 XII.
1447 1681 1504 1713 ΙΙΙ.
1551 1681 1798 1713 Grammaticam
1825 1681 1984 1713 Frieicam

208 1729 346 1761 docebit
375 1729 407 1762 d.
436 1730 535 1763 Mart.
565 1736 598 1762 et
625 1731 694 1762 Sat.
725 1730 758 1762 h.
786 1731 860 1764 XII.
911 1730 1202 1763 Privatissime
1233 1737 1270 1763 et
1299 1732 1428 1774 gratis
1457 1733 1513 1765 IV.
1558 1734 1811 1765 Exercitationes
1838 1733 1983 1764 Fri-'icas

207 1780 437 1813 moderabitur
460 1782 563 1813 semel
587 1793 647 1824 per
669 1782 771 1814 hebd.
799 1782 832 1814 h.
856 1781 921 1814 def.

359 1832 492 1865 FELIX
515 1833 714 1874 AHRENS,
739 1834 796 1866 Dr.
842 1833 1014 1865 Publice
1036 1835 1062 1867 Ι.
1106 1835 1270 1866 Elementa
1297 1835 1435 1867 chemiae
1462 1835 1649 1867 theoreticae
1679 1834 1816 1867 docebit
1843 1835 1896 1867 bis
1923 1845 1984 1877 per

208 1883 309 1916 hebd.
365 1884 561 1916 Privatim
585 1886 625 1918 11.
680 1887 906 1927 Repetitorium
939 1886 1078 1918 chemiae
1110 1887 1159 1924 (in
1189 1887 1327 1926 ⁴qratiam
1360 1887 1534 1918 medicinae
1568 1888 1796 1926 studiosorum)
1829 1886 1984 1919 instituet

210 1939 329 1976 quater
351 1946 412 1977 per
435 1935 536 1969 hebd.
1687 1948 1690 1950 ’

361 2064 638 2098 BERNARDUS
662 2066 830 2098 BEYER.
863 2066 1064 2097 Privatim
1086 2067 1111 2098 Ι.
1141 2067 1189 2098 De
1212 2067 1422 2098 architectura
1444 2067 1609 2098 msticana
1632 2066 1775 2098 disseret
1798 2066 1901 2098 semel
1922 2077 1984 2109 per

209 2114 310 2147 hebd.
355 2116 396 2148 11.
443 2117 489 2148 De
512 2119 722 2149 architectura
744 2118 909 2149 msticana
931 2118 1129 2158 hydraulica,
1148 2119 1322 2159 praecipue
1345 2119 1383 2150 de
1405 2119 1600 2150 derivatione
1629 2128 1783 2160 aquarum
1806 2128 1868 2159 per
1893 2118 1983 2151 tubos

210 2167 444 2208 subterraneos,
470 2169 508 2200 de
530 2170 718 2209 irriyatione
736 2173 906 2210 pratorum
934 2173 963 2201 et
991 2169 1029 2201 de
1043 2179 1207 2210 .a99erum
1235 2170 1458 2210 exstructione,
1487 2170 1525 2201 de
1553 2180 1775 2201 mensurarum
1802 2171 1926 2202 ratione
1955 2173 1986 2202 et

209 2217 375 2250 libratione
398 2218 542 2251 disseret
564 2219 617 2251 bis
641 2230 701 2262 per
723 2219 824 2252 hebd.

361 2281 609 2315 EDUARDUS
633 2283 831 2315 KAYSER.
868 2284 1008 2316 Gratis
1030 2285 1055 2316 I.
1091 2283 1251 2316 Silvarum
1272 2295 1366 2316 usum
1389 2284 1547 2316 tractabit
1570 2284 1603 2318 d.
1627 2284 1725 2317 Mart.
1749 2285 1780 2316 h.
1804 2285 1861 2316 ΙΙΙ.
1894 2283 1982 2315 Pri-

214 2332 335 2363 vatim
359 2333 399 2364 ΙΙ.
447 2333 608 2366 Silvarum
631 2336 757 2367 tutelam
781 2335 919 2366 docebit
942 2335 974 2366 d.
997 2335 1080 2368 Lun.
1105 2335 1137 2368 h.
1161 2335 1208 2366 III
1232 2340 1265 2367 et
1287 2335 1345 2368 IV.

362 2397 671 2431 BERTHOLDUS
696 2399 842 2431 STEIN.
889 2399 1041 2433 Gratis.
1087 2400 1337 2432 Horticulturam
1360 2401 1589 2432 oeconomicam
1613 2400 1751 2432 docebit
1773 2399 1806 2434 h.
1831 2398 1896 2433 def.
