2138 2748
1163 279 1183 309 8

283 379 377 419 quias
403 376 620 418 continente).
665 376 821 409 Oblocuti
845 377 923 408 sunt
946 375 1086 407 Carolus
1111 374 1219 406 Cobet
1240 373 1321 405 Nov.
1342 374 1431 404 Lect.
1454 382 1486 413 p.
1509 372 1550 404 43
1575 382 1646 413 sqq.
1656 373 1678 414 ¹)
1705 374 1738 405 et
1762 373 1896 405 Curtius
1919 372 2061 406 Wachs-

283 429 377 461 muth
406 429 441 460 in
468 428 554 460 libro
585 428 715 468 egregie
745 427 870 468 scripto
898 428 998 468 atque
1026 426 1207 458 utilissimo
1235 423 1390 457 ‘Studien
1419 434 1459 456 zu
1494 424 1559 456 den
1587 424 1823 464 griechischen
1850 421 2060 464 Florilegien’

282 480 444 522 (Berolini
468 490 497 512 a.
523 479 618 520 1882)
641 490 672 520 p.
699 479 758 511 122
783 478 886 520 sqq.²)

436 531 578 563 Codices
606 529 633 570 Q
655 533 688 563 et
712 530 745 562 P
768 532 847 571 post
874 529 1055 571 Rigaltium
1083 530 1116 561 et
1143 527 1359 569 Rutgersium
1388 537 1487 559 nemo
1517 527 1695 567 diligenter
1723 527 1887 565 excussit;
1917 527 2059 559 selectas

282 585 413 615 tantum
431 593 471 615 ex
487 582 515 621 Q
535 582 697 614 lectiones
715 582 854 623 protulit
874 582 896 613 Ι.
914 581 968 613 Fr.
987 580 1198 613 Boissonade
1217 579 1382 621 (passim),
1400 589 1440 611 ex
1460 578 1494 609 P
1506 578 1695 610 Fridericus
1712 578 1870 610 Duebner
1886 578 1922 610 in
1935 576 2061 611 ‘Revue

283 635 323 666 de
346 632 541 674 Philologie’
565 636 646 666 tom.
669 634 696 665 II
715 633 855 665 Parisiis
878 643 908 665 a.
934 633 1014 664 1847
1038 643 1069 672 p.
1094 631 1265 663 238-240
1287 631 1370 672 (non
1391 640 1531 671 prorsus
1556 629 1669 671 recte).
1708 630 1750 661 Et
1773 629 1927 661 codicum
1947 628 2009 668 QP
2027 631 2062 662 et

283 686 436 718 codicum
448 685 522 724 RL,
539 686 580 717 de
597 685 717 726 quibus
734 685 821 716 infra
837 685 975 722 dicetur,
990 683 1154 715 lectiones
1170 685 1203 715 et
1219 693 1268 722 ea,
1285 674 1369 723 qu'ae
1386 682 1429 714 ad
1439 678 1733 727 ‘Comparationis'
1749 690 1867 712 versus
1882 681 2008 712 12—-15
2019 690 2061 712 ex

281 737 507 770 Laurentiano
523 737 591 768 VIII
607 738 657 775 22,
681 737 724 768 ad
738 747 768 768 v.
782 737 832 768 77.
846 737 896 768 79.
909 737 951 767 80
967 737 1000 767 et
1013 735 1083 766 115.
1099 735 1159 766 116
1174 736 1207 766 et
1221 734 1392 766 201—204
1415 743 1455 765 ex
1471 733 1627 764 Parisino
1646 732 1738 771 1166,
1753 732 1796 764 ad
1806 727 2060 764 ‘Distichorum'

282 789 419 821 v.41.42
428 799 467 821 ex
475 788 630 820 Parisino
638 788 718 820 2991
730 788 758 820 A
771 787 914 825 enotavi,
927 786 1041 818 omnia
1049 786 1155 818 debeo
1169 784 1613 826 promptaeLeopoldiCohn
1622 783 1728 816 nostri
1736 793 1815 824 erga
1826 783 2061 816 mevoluntati.

435 898 508 936 Quo
532 899 682 937 tempore
717 895 905 936 composita
928 895 971 926 sit
999 894 1119 926 incerti
1149 893 1323 934 scriptoris
1357 891 1537 933 Μενάνδρου
1565 892 1620 923 καὶ
1647 890 1846 929 Φιλιστίωνος
1867 890 2061 934 Σύγκρισιςθ)

282 952 316 993 (i.
340 961 368 983 e.
392 951 528 981 nostrae
552 946 710 979 editionis
733 956 851 978 versus
877 945 1025 986 1—210)‚
1055 945 1101 976 ita
1127 947 1258 977 tantum
1287 945 1399 986 aliquo
1426 944 1528 976 modo
1558 944 1687 976 definiri
1716 946 1838 985 potest,
1866 946 1903 976 ut
1928 944 2062 985 profici-

283 1011 415 1034 scamur
437 1001 479 1032 ab
496 999 544 1031 eis
567 997 723 1030 undecim
738 997 900 1029 trimetris
925 996 1088 1036 iambicis,
1112 1007 1196 1037 quos
1212 999 1384 1037 poetaster
1399 996 1464 1035 ille,
1489 995 1640 1037 quisquis
1657 995 1728 1035 fuit,
1750 995 1971 1036 praefationis
1985 995 2061 1028 loco

283 1054 347 1094 ipsi
370 1050 545 1084 Menandri
579 1052 612 1081 et
644 1048 856 1081 Philistionis
876 1048 1072 1080 ‘certamini'
1101 1047 1156 1089 (cs.
1189 1058 1219 1079 v.
1253 1048 1274 1079 8
1303 1047 1386 1090 ἔχων
1414 1047 1533 1089 ἀγῶνα)
1565 1047 1751 1088 praemisit.
1796 1047 1832 1078 ln
1866 1047 1930 1079 hac
1962 1047 2063 1088 igitur

282 1103 465 1137 Menander
479 1103 681 1143 personatus
694 1100 1006 1138 Philistionem,
1022 1109 1092 1131 non
1104 1098 1338 1131 Philemonem
1354 1100 1596 1131 commemorat
1608 1098 1838 1131 adversarium
1854 1097 2064 1140 (cf.v.8¹n:pdc

282 1154 490 1196 Φιλιστίωνα).
534 1154 648 1193 Itaque
678 1162 717 1184 eo
747 1154 899 1192 tempore
921 1151 1004 1183 vixit
1031 1153 1213 1192 poetaster,
1242 1161 1307 1192 quo
1330 1150 1539 1182 Philemonis
1566 1152 1686 1191 poetae
1715 1150 1834 1182 comici
1856 1149 1958 1183 Attici
1988 1160 2063 1182 cum

281 1206 493 1239 Philistionis
516 1204 633 1236 Asiani
658 1203 821 1235 memoria
844 1203 984 1234 confusa
1007 1205 1088 1234 erat.
1135 1202 1324 1243 Scripserat
1347 1204 1459 1234 autem
1481 1202 1637 1234 Philistio
1660 1202 1783 1234 mimos
1807 1202 1877 1234 sive
1899 1201 2063 1245 κωμῳδίας

283 1256 470 1301 βιολογικάς,
494 1266 634 1296 eumque
658 1265 726 1286 non
749 1256 880 1286 tantum
894 1254 1035 1294 Augusti
1059 1256 1092 1286 et
1115 1253 1243 1286 Tiberii
1265 1253 1460 1295 aequalibus
1484 1254 1665 1286 admodum
1686 1253 1855 1294 placuisse
1878 1253 1939 1285 sed
1960 1253 2062 1286 etiam

282 1321 302 1342 a
324 1308 569 1350 posterioribus
585 1306 730 1339 maxime
754 1306 957 1338 celebratum
974 1315 1049 1337 esse
1071 1305 1192 1338 docent
1210 1306 1286 1344 loci,
1311 1316 1394 1347 quos
1414 1305 1586 1349 Fabricius
1604 1304 1689 1337 Bibl.
1705 1305 1820 1337 Graec.
1836 1304 1863 1336 Π
1884 1315 1916 1346 p.
1932 1305 1997 1337 480
2012 1315 2062 1346 sq.

283 1362 347 1403 (ed.
370 1359 514 1401 Harles)‚
545 1358 685 1390 Carolus
708 1358 850 1389 Delarue
874 1357 916 1389 ad
931 1357 1081 1388 Africani
1105 1357 1281 1398 epistulam
1305 1357 1348 1388 ad
1364 1357 1537 1397 Originem
1552 1366 1583 1397 p.
1607 1357 1656 1395 10,
1679 1355 1868 1388 Fridericus
1882 1355 2003 1388 Jacobs
2026 1355 2062 1388 in

283 1413 384 1446 Anth.
401 1412 516 1443 Graec.
539 1413 620 1442 tom.
637 1410 696 1441 XII
718 1419 750 1450 p.
775 1409 836 1440 165
861 1419 920 1449 sq.‚
945 1409 1024 1440 Otto
1039 1409 1125 1440 Jahn
1150 1409 1183 1440 in
1199 1408 1307 1440 Persii
1330 1408 1478 1440 editione
1499 1419 1531 1448 p.
1547 1407 1618 1447 XC,
1641 1407 1851 1439 Godosredus
1867 1407 2063 1449 Bernhardy

283 1465 326 1497 ad
342 1464 434 1496 Suid.
450 1463 490 1494 11²
503 1473 536 1503 p.
551 1462 632 1493 1475
650 1471 709 1502 sq.‚
732 1461 873 1492 Carolus
886 1460 949 1492 Ios.
963 1460 1087 1501 Grysar
1110 1456 1397 1500 in‘Sitzungsber.
1421 1460 1452 1492 d.
1469 1459 1729 1500 philos-histor.
1747 1459 1864 1491 Classe
1887 1459 1947 1491 der
1958 1459 2062 1492 Akad.

283 1517 314 1548 d.
330 1510 441 1547 Wiss.'
465 1513 685 1545 Vindobonae
708 1512 765 1544 XII
794 1511 835 1553 (a.
855 1511 950 1553 1854)
979 1521 1011 1552 p.
1035 1511 1097 1542 302
1121 1521 1193 1552 sqq.
1222 1511 1424 1543 indicarunt.
1468 1511 1567 1551 Apud
1593 1511 1753 1542 Ioannem
1777 1511 1961 1543 Stobaeum
1981 1510 2062 1542 Phi-

283 1566 429 1599 listionis
452 1564 650 1597 memoriam
674 1564 796 1595 frustra
812 1573 964 1604 quaeras,
989 1565 1112 1594 norunt
1128 1565 1239 1594 autem
1263 1564 1296 1594 et
1311 1562 1523 1594 Philistionis
1547 1563 1602 1603 qui
1626 1562 1800 1594 dicebatur
1822 1561 1948 1594 scrinia
1971 1571 2063 1594 com-

282 1616 663 1660 pilaverunt‘Parallela’
682 1616 738 1647 illa
762 1614 948 1646 sententias
972 1615 1117 1646 morales
1141 1614 1408 1655 complectentia,
1433 1624 1517 1655 quae
1541 1614 1674 1646 saeculo
1697 1614 1727 1646 X
1750 1614 1886 1646 ineunte
1907 1613 2063 1647 videntur

283 1669 471 1710 composita
486 1677 561 1700 esse
573 1667 607 1708 ⁴).
644 1667 810 1707 Aequales
828 1676 907 1698 vero
923 1665 1159 1697 Philistionem
1175 1668 1208 1698 et
1223 1666 1444 1698 Menandrum
1459 1666 1550 1698 visos
1567 1675 1643 1698 esse
1658 1665 1852 1698 hominibus
1868 1666 2061 1707 Byzantinis

436 1754 456 1787 ¹)
494 1753 590 1780 Cobeti
615 1752 699 1779 verba
722 1752 791 1778 haec
814 1753 890 1778 sunt:
916 1751 1017 1782 „Multa
1040 1759 1112 1777 nune
1136 1751 1277 1778 Menandri
1302 1750 1414 1778 nomine
1442 1751 1678 1783 circumferuntur,
1703 1759 1774 1785 quae
1798 1759 1949 1785 numquam
1972 1751 2008 1778 ab
2026 1759 2060 1778 eo

283 1798 384 1832 scripta
407 1799 495 1824 sunt.
515 1815 521 1821 .
541 1817 547 1823 .
573 1796 644 1830 (sed)
669 1795 693 1822 ei
718 1795 753 1821 ab
778 1794 973 1822 recentissimis
999 1794 1138 1821 Graeculis
1163 1794 1256 1821 afficta
1279 1796 1343 1821 sunt
1367 1802 1400 1820 ea
1424 1795 1549 1821 oratione
1572 1794 1662 1828 iisque
1686 1794 1806 1821 numeris
1830 1794 1940 1829 scripta,
1964 1795 2062 1829 quales

252 1858 255 1861 <
283 1842 385 1869 effoeta
405 1843 431 1867 et
449 1839 589 1873 decrepita
608 1839 722 1866 Graecia
742 1838 849 1865 effutire
868 1838 947 1870 solet,
966 1840 996 1865 ut
1014 1838 1170 1871 legentibus
1189 1846 1321 1864 nauseam
1340 1840 1367 1864 et
1386 1838 1526 1864 fastidium
1539 1838 1655 1872 pariant.
1692 1837 1779 1865 Huius
1798 1838 1904 1864 farinae
1923 1840 1965 1866 est
1983 1838 2060 1873 quid-

283 1885 350 1919 quid
369 1893 402 1911 ex
421 1883 634 1917 Comparatione
652 1882 794 1908 Menandri
813 1884 841 1908 et
862 1882 1032 1908 Philistionis
1051 1881 1202 1908 Meinekius
1221 1881 1320 1913 attulit,
1339 1889 1409 1915 quas
1428 1881 1524 1907 sordes
1543 1881 1646 1907 nollem
1663 1889 1795 1915 umquam
1808 1881 1980 1908 Menandreis
1999 1882 2060 1908 reli-

283 1929 354 1963 quiis
374 1927 517 1958 admixtas.
537 1927 565 1953 in
584 1926 684 1960 quibus
702 1934 759 1952 non
777 1926 839 1952 dico
859 1925 1028 1959 corrigendis
1047 1926 1096 1951 sed
1115 1925 1240 1958 legendis
1259 1933 1341 1951 nemo
1354 1933 1486 1958 umquam
1504 1924 1600 1951 fecerit
1619 1933 1720 1959 operae
1734 1925 1860 1958 pretium,
1879 1925 1949 1951 adeo
1968 1925 2061 1952 omnia

282 1975 347 1999 sunt
365 1971 478 2002 insulsa,
502 1971 602 2004 inepta,
627 1970 770 1996 barbara.“
807 1969 914 1996 Deinde
933 1969 1050 2003 exempli
1070 1969 1158 2002 gratia
1176 1970 1374 1995 commemorat
1390 1969 1442 1995 hos
1458 1965 1694 2002 ‘Compamtionis’
1718 1976 1827 1995 versus:
1844 1968 1888 1994 52.
1906 1969 1940 1995 85
1957 1976 2000 2003 sq.
2018 1970 2060 1996 89.

285 2017 342 2042 108.
363 2016 420 2041 133.
439 2015 482 2041 26.
500 2015 543 2040 87.
563 2014 620 2039 110.
642 2013 690 2039 147
710 2015 738 2039 et
753 2009 956 2039 ‘Distichorum'
977 2021 1073 2038 versus
1092 2014 1117 2039 5.
1135 2013 1160 2039 6.
1179 2014 1203 2039 9.
1225 2013 1264 2039 10.
1283 2013 1325 2038 21.
1343 2012 1386 2038 41.
1404 2012 1448 2038 53.
1467 2014 1517 2039 etc.

435 2058 458 2093 ²)
494 2057 658 2084 Theodorus
677 2056 752 2083 Kock
772 2056 847 2083 Com.
870 2056 951 2083 Attic.
975 2056 1070 2089 fragm.
1094 2056 1119 2082 II
1142 2065 1168 2090 p.
1187 2056 1236 2082 511
1261 2058 1336 2082 recte
1359 2055 1438 2082 dixit:
1463 2055 1622 2086 „Menandri
1646 2057 1674 2082 et
1696 2055 1866 2082 Philemonis
1885 2055 2060 2090 Comparatio

284 2102 418 2129 eiusmodi
438 2104 487 2132 est.
506 2103 536 2127 ut
555 2101 694 2127 rarissime
715 2102 790 2126 certa
808 2099 915 2126 ratione
934 2108 1006 2133 quae
1025 2101 1154 2134 corrupta
1172 2102 1236 2126 sunt
1254 2099 1346 2126 sanari
1365 2098 1497 2133 possint.“

438 2145 458 2179 ⁸)
494 2145 535 2170 De
553 2144 679 2171 vocabuli
699 2143 832 2177 σύγκρισις
854 2152 906 2170 usn
925 2144 958 2170 cf.
982 2152 1005 2170 e.
1026 2152 1050 2176 g.
1075 2143 1233 2177 Stephanus
1256 2143 1370 2176 Bergler
1388 2142 1423 2169 ad
1441 2142 1600 2176 Alciphron.
1619 2150 1644 2176 p.
1665 2141 1723 2173 149,
1742 2141 1872 2168 Lobeckii
1890 2142 2061 2176 Phrynichus
2092 2160 2095 2166 .

284 2198 308 2223 p.
328 2189 379 2215 278
397 2197 451 2222 sq.;
475 2187 631 2214 Aristoxeni
649 2189 816 2220 Συγκρίσεις,
840 2186 952 2213 Caecilii
974 2186 1113 2220 Σύγκρισις
1131 2187 1315 2220 Δημοσθένους
1339 2187 1386 2212 καί
1402 2187 1562 2219 Κικέρωνος,
1581 2185 1705 2211 eiusdem
1723 2185 1861 2218 Σύγκρισις
1878 2186 2062 2219 Δημοσθένους

282 2234 329 2258 καί
347 2233 478 2265 Αἰσχίνου,
499 2231 623 2258 eiusdem
641 2230 780 2264 Σύγκρισις
797 2231 982 2263 Δημοσθένους
999 2232 1047 2256 καί
1064 2231 1224 2263 Κικέρωνος,
1247 2229 1395 2263 Dionysius
1413 2229 1554 2255 Phaselita
1572 2227 1617 2254 ’ἐν
1634 2229 1671 2261 τῷ
1694 2230 1754 2261 περὶ
1776 2230 1938 2262 συγκρίσεως
1951 2226 2061 2262 Ἀρά-σου

283 2277 330 2301 καί
342 2274 456 2308 Ὁμήρου
475 2276 535 2307 περὶ
552 2275 603 2300 τῶν
621 2271 808 2307 μαθημάτων’,
827 2273 951 2306 Gregorii
969 2273 1135 2300 Nazianzeni
1148 2273 1286 2306 Σύγκρισις
1305 2275 1364 2306 βίων
1382 2272 1456 2307 (opp.
1469 2273 1494 2299 11
1513 2281 1538 2306 p.
1557 2273 1609 2298 390
1627 2280 1697 2306 sqq..
1717 2280 1788 2305 quae
1807 2274 1835 2298 et
1853 2272 1914 2306 ipsa
1930 2272 2061 2299 trimetris

284 2318 407 2344 iambicis
427 2317 580 2351 composita
599 2317 658 2350 est),
677 2317 788 2343 Ioannis
803 2316 916 2343 Stobaei
928 2316 1067 2350 Σύγκρισις
1085 2318 1174 2348 πενίας
1192 2318 1240 2342 καί
1257 2315 1372 2342 πλούτου
1390 2314 1480 2350 (floril.
1494 2315 1609 2348 XCVII),
1629 2315 1752 2342 eiusdem
1769 2315 1907 2348 Σύγκρισις
1924 2316 1997 2350 ζωῆς
2013 2319 2062 2342 καὶ

248 2365 250 2367 “
283 2361 401 2387 θανάτου
421 2360 510 2394 (ssoril.
530 2360 630 2394 CXXI),
650 2359 759 2386 Maximi
777 2359 909 2386 Planudis
927 2359 1065 2392 Σύγκρισις
1084 2362 1212 2393 χειμῶνος
1229 2362 1278 2386 καί
1295 2361 1385 2392 ἔαρος,
1409 2361 1460 2385 etc.
1496 2359 1553 2386 Nec
1575 2361 1668 2385 tamen
1686 2358 1743 2385 ulla
1766 2359 1862 2385 harum
1881 2358 2061 2393 scriptionum

284 2404 350 2430 satis
373 2404 542 2437 respondere
566 2403 674 2429 videtur
698 2403 761 2429 huic
784 2403 983 2429 sententiarum
1011 2403 1157 2430 moralium
1182 2403 1366 2436 anthologlae,
1389 2410 1462 2436 quae
1483 2401 1635 2435 Μενάνδρου
1659 2403 1706 2428 καί
1730 2402 1900 2434 Φιλιστίωνος
1921 2401 2062 2436 Σύγκρισις

284 2447 451 2478 inscribitur;
471 2455 640 2480 quamquam
658 2454 714 2472 non
733 2447 822 2473 audeo
842 2446 968 2473 conicere
987 2447 1050 2473 huic
1064 2447 1206 2473 certamini
1225 2455 1287 2473 eam
1305 2445 1511 2479 inscriptionem
1530 2447 1642 2479 propter
1659 2453 1770 2471 versum
1783 2446 1935 2471 extremum
1953 2447 1991 2478 (v.
2010 2446 2063 2472 210

286 2490 402 2523 ἐχθρούς
420 2491 523 2515 ποιοῦσι
541 2490 603 2525 τοὺς
622 2490 714 2522 φίλους
734 2491 762 2515 αἱ
780 2491 986 2522 συγκρίσεις)
1006 2492 1104 2523 postea
1122 2490 1272 2523 praefixam
1291 2497 1361 2516 esse.

436 2533 458 2567 ⁴)
496 2534 534 2576 Ct'.
555 2533 678 2562 Curtium
695 2533 875 2560 Wachsmuth
891 2531 1020 2561 ‘Studien
1038 2541 1071 2561 zu
1091 2534 1145 2560 den
1158 2530 1349 2568 griechischen
1362 2529 1534 2567 Florilegien'
1555 2540 1581 2567 p.
1594 2531 1723 2562 90—161.
1743 2530 1866 2566 inprimis
1885 2539 1911 2566 p.
1932 2532 1982 2560 123
1999 2539 2062 2566 sqq.
