2138 2748
613 251 646 280 A.
667 250 813 280 GELLII
828 250 907 279 ΕΖΒ.
927 250 951 278 I.
973 251 1055 278 CAP.
1075 249 1213 278 XXIIII.
1233 247 1326 278 XXV.
1809 247 1850 280 27

697 339 832 376 LIBRO
854 337 996 375 PRIMO
1018 337 1111 373 CAP.
1134 336 1236 373 XXV.

82 445 101 477 d
161 446 168 454 ·
232 403 280 443 qui
301 406 341 434 cet
362 403 397 433 de
419 403 488 434 bello
511 406 535 433 ct
553 413 636 442 pace.
681 403 737 433 fuit
768 403 795 433 is
828 401 904 431 liber
935 399 1157 438 Antiquitatum
1192 400 1392 430 Humanarum
1425 398 1693 438 quartusdecimus,
1726 402 1758 428 vt
1780 400 1851 429 alibi
1871 397 1918 429 §¹

103 455 246 478 ocuunus.

233 507 318 537 quam
325 498 413 537 plena
424 501 449 527 et
457 497 571 536 proba]
613 497 760 536 quaedam
772 496 979 534 membranae3
1002 505 1086 535 quam
1095 495 1186 534 plana
1199 498 1223 524 et
1231 494 1336 534 proba.
1366 498 1492 532 vterque
1512 495 1589 524 liber
1600 494 1743 532 Putean13
1767 504 1852 533 quam
1869 494 1884 524 5
1902 493 1918 518 3

76 540 168 580 plana
190 543 215 570 et
231 541 367 580 probata.
405 541 536 579 optimae
558 541 748 570 membranae
770 539 846 569 nihil
866 541 991 569 mutant.

230 602 297 622 nam
319 602 407 631 neque
425 592 512 631 pam]
556 593 676 630 plenius
697 591 901 629 Buslidianus,
924 589 952 621 ἃ.
974 590 1126 628 quomodo
1150 589 1282 619 debebat
1304 589 1446 627 exprimit,
1468 598 1555 628 neque
1574 599 1638 628 pax
1653 599 1740 628 neque
1754 590 1852 627 seriae
1870 591 1886 620 ὓ
1905 588 1923 613 4

81 637 145 664 sunt
165 634 298 665 induciae
319 635 392 665 belli.
427 644 462 665 eo
496 635 574 664 enim
607 635 738 673 pertinet
764 633 847 671 quod
881 633 1032 671 sequitur3
1066 632 1165 662 bellum
1198 632 1271 661 enim
1304 635 1406 669 vianet,
1437 642 1536 670 puqna
1569 636 1667 661 cessat.
1705 632 1731 662 ἃ,
1759 633 1853 662 voluit

81 677 200 716 singula
221 678 363 709 Varronis
386 677 480 708 verba
501 678 532 708 in
553 681 679 716 vti-aque
703 676 875 707 definitione
899 676 1086 706 admordere.

229 732 335 759 taam
357 729 465 759 dierum
487 729 619 758 induciae
639 728 722 767 sunt]
746 727 878 757 induciae
900 731 973 765 sunt,
1003 728 1090 758 abest
1118 729 1156 757 ab
1187 727 1307 765 optimis
1334 727 1529 756 membranis:
1558 726 1636 755 vnde
1665 736 1725 755 non
1748 727 1855 755 leuiter

82 771 230 811 suspicor,
257 773 316 802 imo
345 772 444 802 habeo
473 771 630 811 affirmare,
661 772 704 801 ita
736 770 865 801 Gellium
893 771 1067 809 scripsisse:
1097 780 1164 800 nam
1191 780 1279 808 neque
1305 780 1367 808 pao:
1389 780 1476 808 neque
1491 770 1589 807 seriae
1610 773 1673 797 nunt
1696 768 1700 808 Ι
1724 769 1855 798 induciae
1872 779 1898 804 p.
1921 771 1970 796 120

82 813 147 844 belle·
169 814 284 850 (bellum
306 816 378 845 enim
399 818 502 854 manet,
523 825 620 854 peyna
643 816 747 849 cessat)
769 823 857 852 neque
880 814 910 843 in
931 814 999 844 solis
1022 814 1123 843 castris
1145 823 1234 851 neque
1246 823 1405 851 paucorum
1420 816 1526 841 tantum
1541 812 1658 841 dierum.
1692 812 1854 850 postremis

79 857 152 897 illis,
173 857 305 888 induciae
326 861 399 896 sunt,
423 858 554 897 omissis,
577 857 604 888 ἀ
626 857 752 895 reliquis
775 856 897 888 additis.
936 857 1018 895 quod
1042 857 1163 895 quidem
1187 856 1309 885 dubium
1331 865 1392 885 non
1416 859 1472 886 est.

5 926 9 931 ·
229 909 329 939 bellum
351 910 424 939 enim
446 910 559 947 manea]
603 909 674 939 hinc
696 909 846 939 festiuiter
867 908 948 946 apud
969 909 1108 938 Plautum
1132 908 1220 938 Sosia
1242 907 1352 945 pugnis
1375 909 1394 936 ἐι
1416 907 1563 937 Mercurio
1581 909 1726 936 contusus
1748 916 1853 944 pacem

79 953 165 991 optat
186 961 248 983 non
270 952 407 983 inducias
431 953 549 991 [Amph.
572 952 586 982 1
611 954 638 991 1,
662 952 734 991 232,
756 961 785 983 v.
810 952 881 990 388,
908 960 978 989 sqq.
994 951 1092 989 G-L.].

62 1015 67 1018 ·
285 1003 408 1034 Obsecro
430 1007 458 1034 vt
475 1013 531 1042 per
548 1013 650 1042 pacem
673 1003 754 1033 liceat
776 1006 801 1032 te
823 1003 938 1042 alloqui,
961 1006 987 1032 vt
1009 1013 1044 1032 ne
1065 1003 1206 1042 vapulem.

280 1046 342 1077 Imo
363 1047 495 1077 induciae
514 1055 672 1085 parumper
684 1047 772 1084 fiant,
795 1046 820 1075 si
842 1045 910 1084 quid
931 1046 974 1075 vis
989 1046 1075 1084 loqui.

281 1089 348 1120 Non
369 1090 471 1129 loquar
492 1089 548 1118 nisi
565 1098 640 1128 pace
654 1090 751 1127 sacta.

234 1149 264 1179 in
285 1150 422 1180 mensium
445 1149 570 1189 aliquot]
615 1149 756 1179 meliores
784 1149 974 1179 membranae
1004 1149 1147 1186 Puteani3
1180 1150 1344 1178 immensum
1372 1148 1487 1187 aliquod
1506 1150 1606 1187 faceia.
1642 1159 1732 1179 verae
1761 1151 1852 1188 scrip·
1873 1157 1888 1186 ᾗ
1907 1155 1924 1180 5

82 1194 168 1222 turae
193 1192 345 1222 indicium.
384 1193 505 1231 scripsit
527 1192 660 1230 Gellius3
688 1193 718 1221 in
739 1201 864 1222 mensum
892 1192 1016 1231 aliquod,
1039 1202 1105 1231 pro,
1133 1193 1163 1221 in
1185 1193 1290 1231 aliquot
1322 1201 1440 1222 menses.
1477 1202 1602 1221 mensum
1628 1196 1747 1223 veteres
1776 1194 1855 1223 dice-

79 1235 161 1265 bant
183 1235 347 1265 ablatiuum
370 1236 475 1266 secuti.
509 1244 608 1273 neque
631 1235 718 1265 aliter
739 1244 879 1273 vmquam
902 1236 932 1265 in
955 1236 1174 1273 antiquissimis
1196 1236 1281 1265 libris
1303 1235 1514 1273 manuscriptis
1536 1235 1683 1266 inuenias.
1721 1237 1803 1274 qnod
1825 1237 1855 1266 in

81 1279 298 1308 commentario
322 1279 538 1309 Censoriniano
560 1277 734 1315 -ostendi:⁴‘)
763 1278 789 1308 ἃ
818 1279 891 1308 inibi
921 1288 985 1308 sum
1014 1281 1046 1308 vt
1067 1279 1203 1308 mensium
1224 1278 1364 1308 Latinum
1387 1288 1447 1308 non
1470 1287 1539 1308 esse
1562 1278 1691 1317 credam,
1725 1281 1790 1309 eum
1812 1280 1855 1308 in-

81 1319 174 1351 finitis
208 1321 239 1351 in
273 1322 349 1352 locis
383 1322 552 1360 pandectae
585 1322 714 1351 Pisanae
748 1331 874 1351 mensum
909 1331 1038 1360 semper,
1071 1331 1232 1360 numquam
1261 1322 1396 1350 mensium
1424 1324 1596 1358 agnoscant.
1635 1325 1666 1351 vt
1699 1323 1729 1351 in
1757 1323 1776 1352 l.
1799 1323 1855 1352 VII

83 1371 114 1411 [ξ
141 1372 188 1411 11]
213 1372 251 1403 de
274 1373 472 1403 administrat.
494 1375 549 1404 tut.
574 1373 624 1411 [D.
646 1373 745 1403 XXVI
759 1373 796 1411 7.]
820 1373 840 1402 l.
865 1372 913 1402 CI.
938 1373 966 1404 d.
990 1373 1084 1411 regul.
1108 1373 1163 1402 iur.
1188 1373 1234 1410 [D.
1257 1373 1283 1402 L
1302 1373 1360 1410 17.]
1383 1369 1470 1404 LIX.
1494 1373 1560 1412 [pn]
1585 1373 1756 1412 delegatis,
1778 1373 1855 1402 libro

78 1415 167 1445 tertio
202 1415 252 1454 [D.
282 1416 333 1447 lib.
358 1416 481 1454 XXXII]
515 1416 542 1446 ἃ,
566 1416 816 1454 quotiescumque
844 1416 902 1445 hoe
924 1417 1046 1446 verbum
1071 1416 1208 1455 occurrit,
1231 1416 1342 1445 totiens
1364 1416 1406 1445 ita
1429 1416 1570 1454 scriptum
1593 1417 1663 1445 licet
1685 1417 1856 1450 obseruare,

234 1467 371 1506 inprime
387 1467 560 1506 Annalium]
605 1468 746 1497 meliores
760 1468 967 1506 membranae3
990 1468 1020 1497 in
1036 1468 1133 1506 primo
1155 1468 1262 1506 annali,
1287 1467 1439 1505 quomodo
1455 1467 1632 1506 plerumque
1647 1468 1856 1505 loquebantur.
1875 1476 1889 1503 ξ
1908 1474 1924 1497 ti

81 1509 293 1548 intelligebant
315 1511 393 1540 enim
416 1510 498 1541 libro.
534 1513 567 1540 vt
586 1514 658 1549 post
680 1511 804 1541 dicetur.

79 1604 98 1634 b
212 1562 435 1635 .⁸¹‘91⁷)⁸ffl⁶⁰nt·'u⁸
474 1563 741 1602 consiynatiusqueJ
792 1563 1020 1601 antiquissimae
1054 1563 1221 1601 editiones3
1266 1562 1538 1601 comiynanliusque.
1587 1562 1668 1600 quod
1705 1562 1730 1592 ἃ
1767 1572 1855 1592 mem-

99 1613 190 1635 ranae
213 1614 268 1643 pro
292 1608 352 1637 ant.

226 1666 343 1696 puynae
362 1658 531 1696 pactitiam.]
578 1660 661 1688 recta
684 1660 731 1687 est
752 1667 789 1687 ea
817 1659 974 1697 scriptura,
1003 1667 1103 1696 neque
1133 1667 1185 1688 cur
1210 1658 1318 1687 mutari
1350 1657 1459 1688 debeat
1487 1657 1586 1687 video.
1628 1660 1753 1694 vtraqne
1778 1658 1855 1686 enim
1874 1659 1887 1688 ἓ
1908 1660 1924 1679 ⁸

84 1707 156 1737 pars
177 1702 265 1737 parta
287 1702 335 1730 est
356 1702 388 1730 vt
411 1702 429 1730 a
449 1710 550 1740 pugna
571 1701 720 1739 vtrimque
744 1704 921 1732 cessaretur.
962 1701 988 1732 ἃ
1010 1704 1110 1731 tamen
1132 1702 1255 1731 turbant
1275 1701 1379 1730 neseio
1409 1701 1482 1738 quid
1511 1703 1570 1729 tam
1594 1700 1742 1729 editiones
1766 1710 1854 1737 quam

85 1742 286 1773 membranae.
330 1743 360 1773 in
390 1744 605 1774 vetustioribus
634 1744 816 1774 editionibus
846 1747 907 1784 est3
932 1745 1112 1783 praeficiam.
1149 1747 1275 1782 vterque
1297 1744 1441 1783 Puteani3
1466 1744 1605 1782 politiam.
1641 1744 1682 1772 ita
1703 1746 1803 1772 tamen
1825 1747 1857 1772 vt

83 1785 115 1814 in
137 1786 304 1816 recentiore
325 1795 386 1816 vox
407 1787 459 1817 illa
487 1787 527 1817 sit
548 1790 691 1818 correcta.

235 1835 412 1879 ἐκεχειρίαν
433 1838 584 1877 dixerunt]
630 1839 778 1876 glossaria
807 1840 846 1878 [p.
871 1836 929 1868 601¹
950 1839 1074 1877 Labb.]:
1111 1837 1279 1880 ἐκεχειρία,
1305 1838 1446 1868 induciae.
1485 1838 1512 1868 ἅ
1541 1838 1613 1867 alibi
1643 1838 1682 1875 [p.
1713 1835 1780 1875 911’]
1817 1838 1856 1866 in·
1874 1843 1888 1872 g
1909 1842 1925 1865 ε)

81 1879 179 1910 dutiae
214 1876 389 1921 ἀνακωχαί.
433 1882 552 1911 videtur
580 1881 696 1911 Gellius
725 1882 892 1920 significare
921 1881 1096 1923 ἐκεχειρίαν
1125 1883 1234 1912 dictam
1263 1878 1325 1912 ἀπὸ
1357 1880 1412 1912 τοῦ
1435 1880 1519 1922 ἔχειν
1540 1879 1595 1917 τὰς
1617 1883 1735 1921 χεῖρας,
1759 1881 1856 1918 quasi,

84 1920 275 1964 ἐχεχειρίαν,
299 1923 382 1961 quod
396 1933 502 1954 manns
518 1924 742 1955 cohiberentur:
767 1925 822 1955 sed
836 1926 964 1955 litteram
987 1926 1134 1966 illam,.·)(,
1156 1928 1260 1963 vtpote
1282 1925 1423 1954 vastioris
1446 1925 1574 1962 sonitus,
1597 1933 1665 1953 esse
1689 1927 1855 1961 exemptam

87 1964 114 1996 ἃ
135 1975 166 2003 κ,
198 1975 276 2004 quae
298 1967 422 1997 lenioris
446 1968 494 2007 sit,
524 1977 592 1998 esse
622 1969 818 1998 subiunctam.
858 1978 946 2006 quam
975 1968 1060 1998 Gellii
1088 1969 1364 2007 interpretationem
1384 1968 1507 1997 adiuuat
1529 1968 1614 1996 iocus
1635 1967 1855 2004 Aristophanis.

85 2011 178 2039 vocat
201 2010 279 2039 enim
296 2008 486 2060 ἐκεχειρίαν,
510 2020 575 2041 cum
598 2011 736 2041 manibus
759 2012 853 2041 feriae
869 2015 947 2052 sunt,
971 2012 1036 2042 siue
1052 2021 1117 2042 cum
1133 2020 1240 2042 manus
1255 2011 1408 2041 abstinent
1422 2011 1460 2040 ab
1475 2010 1660 2048 accipiendis
1675 2010 1856 2039 munci-ibus.

84 2051 128 2082 sic
151 2051 229 2082 enim
250 2051 282 2084 ἐν
303 2050 438 2095 Εἰρηνῃε

1503 2092 1632 2130 ἈλλῊ)
1649 2095 1651 2134 l

232 2222 262 2254 ²¹¹)
286 2223 367 2251 Hunc
392 2225 624 2252 commentarium
649 2233 705 2252 non
730 2226 806 2258 novi,
832 2228 909 2252 certe
934 2233 990 2252 non
1015 2228 1110 2252 exstat
1132 2226 1160 2252 in
1180 2225 1326 2252 Cari-ionis
1351 2225 1394 2251 ed.
1415 2224 1503 2257 Lugd.
1525 2224 1605 2253 1593:
1636 2231 1699 2249 num
1732 2222 1775 2248 cd.
1795 2222 1856 2248 eius

79 2257 171 2286 Paris.
191 2266 216 2285 a.
238 2258 313 2293 1583,
333 2267 416 2294 quam
435 2259 575 2294 inspicere
594 2268 649 2287 non
667 2261 757 2294 potui,
776 2269 838 2287 eum
858 2261 1002 2287 contineat
1021 2261 1115 2287 dicere
1133 2269 1258 2295 nequem
1278 2264 1370 2287 tamen
1390 2259 1437 2285 vix
1452 2258 1551 2285 dubito
1566 2258 1711 2292 utriusque
1725 2257 1857 2284 editionis

81 2292 189 2320 ambitu
208 2297 384 2328 comparato.
403 2294 470 2328 quin
488 2295 536 2322 illa
555 2303 588 2322 ex
607 2294 660 2322 hac
679 2303 754 2322 mere
774 2295 834 2322 sere
853 2303 989 2329 expressa
1008 2296 1052 2322 sit.

97 2362 103 2368 ·
233 2328 276 2361 *²⁸1
295 2329 423 2356 Innuitur
440 2329 524 2357 Pacis
542 2338 570 2356 v.
589 2331 641 2356 890
659 2330 695 2358 D.
711 2328 777 2356 Ἀλλ’
799 2330 876 2363 εὖρον
895 2330 926 2356 ἄν
945 2327 1100 2363 σ’ὑπέχοντα
1119 2331 1167 2363 τήν
1186 2332 1342 2363 ἐκεχειρίαν.
1380 2329 1462 2356 Vltrn
1490 2328 1689 2354 adnotationes
1717 2326 1770 2353 hac
1789 2327 1855 2353 Car-

81 2369 194 2390 rioneae
214 2370 270 2390 uon
290 2365 472 2391 continuatae
490 2365 539 2391 vel
559 2369 636 2392 certe
655 2365 732 2400 typis
751 2374 806 2392 non
827 2366 950 2392 traditae
971 2370 1042 2392 sunt,
