2138 2748
682 227 716 254 A.
737 226 884 254 GELLII
900 226 979 254 LIB.
999 227 1024 254 Ι.
1045 226 1127 255 ΟΔΡ.
1147 227 1269 255 XXIII.
1820 229 1861 260 23

82 316 175 345 minus
197 315 228 345 id
250 315 395 346 commodo
417 317 488 355 reip.
505 316 609 354 facere
628 324 740 355 posses,
762 316 823 345 siue
844 324 902 345 non
923 315 1100 344 existimares
1122 324 1159 345 ea:
1180 315 1326 354 republica
1348 325 1418 346 esse.
1456 315 1536 346 idem
1558 316 1598 346 ad
1626 317 1754 347 eundem
1778 317 1861 355 [ibid.

81 358 173 397 paulo
196 358 292 397 auteJ:
326 356 360 388 Si
390 362 419 388 tu
448 358 590 388 arbitrare
617 358 679 388 stile
693 359 762 397 sore
791 361 815 388 et
844 367 880 388 ea.-
907 357 1053 396 republica
1086 367 1147 387 esse
1175 368 1346 398 persequere
1368 358 1438 389 bello
1460 358 1650 390 Dolabellam.
1693 359 1810 390 Plinius
1831 360 1862 389 in

83 401 221 440 epistolis
245 400 281 439 [V
307 402 355 440 13,
383 402 419 430 14
442 402 492 440 aL,
516 401 561 439 5]:
585 400 705 431 Prolata
727 401 784 440 leqe
807 400 841 430 de
863 403 963 430 senatu
985 399 1114 430 habendo
1137 402 1234 430 iurare
1257 402 1344 440 coe'yit
1374 411 1410 431 ex
1437 401 1582 441 republica
1610 411 1671 431 esse
1698 402 1774 441 quod
1800 412 1862 432 een-

82 443 192 474 suisset.
227 443 253 473 ἀ
274 443 380 474 Liuius
403 452 496 483 saepe
521 444 614 483 [velut
636 443 710 474 VIII
732 444 783 482 23,
809 444 864 482 113
887 443 938 482 32,
964 443 1020 481 ¹83
1043 443 1144 473 XXIII
1168 444 1218 483 24,
1244 444 1282 482 1].
1323 453 1360 474 au
1388 453 1460 474 vero
1491 444 1630 484 dixerint,
1658 445 1751 474 ctilius
1772 454 1862 484 exque

84 485 232 526 republica
254 495 324 525 esse,
348 487 463 525 ignoro.
498 487 601 525 itaque
624 487 790 525 amplector
811 486 1044 524 manuscriptam
1066 486 1211 516 Macrobii
1236 487 1264 524 [l.
1288 487 1308 516 1.
1331 487 1351 525 ξ
1376 487 1437 525 21],
1460 488 1631 526 lectionem,
1655 497 1733 526 quae
1754 487 1860 518 habet:

81 529 175 559 utilius
198 530 344 569 magisque
366 539 402 559 ex
424 529 570 568 republica
594 539 654 559 esse
677 529 760 568 quod
783 531 887 568 aperte
909 537 1012 559 verum
1036 531 1092 559 est.
1129 538 1229 566 neque
1253 530 1331 559 enim
1354 530 1499 567 agebatur
1522 540 1560 560 an
1577 532 1594 560 e
1608 531 1764 569 republica
1780 533 1862 561 esset

81 571 255 602 alterutrum
293 571 375 611 fieri,
417 572 500 610 quod
532 573 583 603 ille
615 575 648 602 vt
680 574 793 602 eertum
826 571 851 602 ἃ
879 572 1075 602 constitutum
1103 572 1253 611 ponebat3
1282 572 1338 602 sed
1359 576 1456 602 vti-um
1480 581 1582 603 eorum
1606 576 1689 604 esset
1709 574 1812 603 vtilius
1836 573 1861 603 ά

80 614 176 653 magis
200 615 216 644 ὸ
238 615 403 653 republica.

234 666 346 696 animus
375 666 584 705 compauescit.]
629 666 831 703 collectanea3
861 666 955 695 animo
979 666 1178 704 compauescit.
1213 666 1296 703 quod
1325 665 1350 695 ἀ
1372 666 1402 695 in
1424 666 1610 696 Buslidianis
1632 667 1813 697 membranis
1836 666 1862 696 ἁ
1879 669 1893 698 ἐ
1913 668 1929 693 9

82 708 236 739 Muci-ebio
266 709 296 748 [l.
325 710 345 739 1.
375 709 395 748 ξ
425 709 474 748 22]
506 712 561 740 est.
599 709 696 739 simile
724 709 844 738 videtur
871 708 947 738 illud
967 708 1139 738 Plautinum
1165 708 1295 747 Epidico
1325 708 1378 748 [IV
1406 710 1433 748 1,
1456 710 1474 737 4
1499 718 1527 739 v.
1552 709 1613 738 530
1637 708 1699 747 G.]:
1740 708 1862 739 Territat

76 760 173 791 pauor
194 752 283 781 animi
304 755 430 783 mentem.

214 802 274 832 ·ad
302 806 409 832 ceteras
436 803 603 841 matronas.]
654 802 832 841 imperfecta
861 805 908 833 est
935 802 1011 832 haec
1039 803 1070 832 iu
1098 803 1230 841 vulgatis
1258 803 1343 833 libris
1372 803 1480 834 oratio.
1514 802 1554 831 ad
1581 805 1688 832 ceteras
1715 806 1862 833 matronas
1878 807 1893 836 5
1918 806 1948 831 10

76 845 215 884 peruenit.
245 846 286 875 ad
299 849 427 876 senatum
437 845 577 885 postridie
598 846 848 884 matrumfamilias
871 849 987 875 caterua
1009 846 1198 875 lacrumantes
1220 849 1303 884 atque
1325 845 1504 875 obsecrantes
1533 849 1624 876 orant.
1668 845 1709 874 ad
1734 849 1861 875 senatum

80 896 176 926 orare,
199 888 338 918 Latinum
361 898 422 919 non
446 891 508 926 est3
530 890 623 919 multo
646 889 762 927 minus,
785 888 963 918 obsecrantes
985 888 1026 917 ad
1046 897 1140 918 orare.
1177 897 1278 926 neque
1306 891 1406 918 tamen
1433 888 1545 918 rectius
1573 888 1738 926 pleraeque
1771 897 1861 918 mem-

80 931 203 962 branae.
238 932 322 961 solus
344 932 422 962 liber
444 932 654 970 Buslidianus3
676 931 769 961 Domo
792 931 938 970 trepidans
960 931 1115 971 eqreditur5
1138 931 1179 960 ad
1199 935 1305 960 ceteras
1328 935 1474 961 matronas
1501 931 1590 969 desert
1618 931 1695 970 quod
1720 931 1861 962 audierat.

83 982 164 1012 quae
187 975 337 1013 scriptura
359 983 456 1014 prope
478 975 584 1005 eadem
607 978 653 1004 est
676 974 705 1004 in
728 973 883 1004 Macrobio
907 974 938 1012 [l.
961 974 980 1004 l.
1004 974 1024 1012 ξ
1049 974 1109 1012 22].
1146 974 1205 1004 nisi
1229 974 1311 1012 quod
1333 974 1482 1012 quaedam
1503 974 1622 1004 desunt.
1659 974 1795 1004 nimirum
1810 974 1862 1014 ita,

81 1016 122 1046 ad
142 1020 250 1047 ceteras
272 1021 419 1047 matronas
441 1017 532 1056 affert.
565 1017 768 1056 postridieque,
792 1020 841 1046 etc.

108 1100 111 1103 ,
234 1068 274 1098 ad
294 1072 422 1098 senatum
439 1067 598 1107 postridie]
643 1068 816 1098 Macrobius
845 1068 874 1106 [1.
897 1068 946 1106 1.];
969 1067 1163 1106 postridieque
1189 1066 1229 1096 ad
1249 1071 1385 1097 senatum.
1422 1068 1500 1098 liber
1521 1068 1731 1106 Buslidianust,
1759 1076 1862 1107 perue-

80 1111 159 1140 niunt
177 1114 295 1150 postera
316 1111 362 1140 die
384 1111 424 1140 ad
444 1114 580 1141 senatum.
613 1111 803 1149 probationis
825 1120 886 1140 non
909 1113 987 1149 eget.

230 1162 481 1201 matrumfamilias
504 1163 640 1201 catorum]
685 1163 763 1192 male
791 1163 822 1191 in
851 1162 1031 1200 quibusdam
1060 1162 1258 1200 membranis,
1286 1162 1535 1200 matrumfamilias
1558 1165 1583 1191 et
1604 1163 1695 1191 tertia.
1740 1162 1861 1200 Duplex

77 1203 127 1234 hic
149 1207 196 1235 est
218 1205 415 1236 archaismos.
461 1208 577 1235 caterua
599 1206 766 1244 perueniunt
789 1205 915 1243 deinde3
938 1208 1053 1234 caterua
1077 1207 1189 1234 orantes
1217 1207 1300 1243 atque
1334 1204 1522 1235 obsecrantes.
1562 1205 1672 1242 quibus
1700 1205 1742 1234 vti
1769 1205 1859 1234 vehe-

78 1249 193 1277 menter
215 1250 295 1278 amat
316 1247 443 1278 Gellius.

230 1299 279 1328 vni
301 1299 384 1338 duae,
408 1299 573 1338 senatores.]
618 1299 796 1337 interpunge
818 1300 891 1336 post
913 1298 997 1337 duae,
1019 1298 1099 1328 hunc
1121 1299 1151 1328 in
1174 1298 1309 1328 modum:
1339 1308 1425 1337 quam
1456 1301 1483 1327 vt
1510 1299 1557 1327 vni
1585 1298 1668 1328 duae.
1705 1302 1858 1328 senatores.

78 1340 187 1371 deinde
211 1341 326 1381 scribe,
349 1342 534 1381 ingredientes
556 1343 586 1371 in
609 1342 728 1379 curiam,
751 1344 784 1370 vt
807 1350 911 1371 omnes
935 1342 1126 1371 membranae
1150 1341 1175 1370 ἃ
1205 1341 1370 1379 antiquitus
1398 1341 1501 1371 excusi
1529 1341 1651 1379 habent,
1679 1351 1739 1371 non
1769 1343 1858 1380 ingre·
1875 1347 1890 1375 5
1912 1345 1939 1370 ιι

78 1383 182 1414 dientes
206 1385 325 1414 curiam.
365 1385 495 1415 libenter
516 1385 760 1423 praepositiones
782 1385 851 1414 illas
875 1382 879 1425 Ι
904 1384 1021 1422 antiqui
1049 1385 1251 1423 geminabant,
1285 1384 1310 1413 ἃ
1344 1393 1409 1414 eum
1443 1383 1543 1414 verbis
1577 1385 1753 1422 compositis
1783 1384 1858 1414 nihi-
1874 1395 1901 1422 p.
1923 1387 1973 1413 114

77 1426 206 1457 lominus
231 1436 283 1457 eas
307 1428 540 1466 coniungebant,
578 1428 622 1458 sic
643 1428 769 1457 Plautus
791 1427 944 1457 Pseudolo
969 1427 1020 1466 [IV
1044 1428 1073 1466 2,
1097 1428 1115 1456 4
1138 1436 1168 1458 v.
1191 1427 1251 1456 959
1275 1427 1332 1466 R.]:

283 1478 435 1518 Ingredere
457 1479 487 1508 in
508 1479 586 1509 viam
608 1478 682 1509 dolis
705 1482 729 1508 et
751 1488 802 1517 eyo
824 1479 869 1507 hic
891 1479 921 1508 in
942 1478 1053 1509 insidiis
1075 1488 1134 1509 ero.

77 1528 157 1559 idem
180 1529 315 1560 Poenulo
340 1530 394 1568 [111
417 1531 447 1570 3,
470 1531 511 1560 40
533 1540 563 1562 v.
588 1531 721 1570 653—sq.
743 1529 842 1568 G-L.]‚

691 1598 701 1603 -
717 1598 727 1603 -
744 1581 877 1611 mortales
899 1581 1000 1620 malos,

287 1623 319 1654 Vt
340 1624 536 1663 inqrediuntur
557 1624 636 1655 docte
656 1626 686 1653 in
706 1625 940 1664 sycophantiam!

76 1674 100 1704 ἀ
122 1674 341 1714 Amphitruone
365 1676 411 1714 [fr.
434 1676 507 1706 VIII
529 1685 559 1714 p.
587 1676 645 1705 116
670 1675 756 1714 e-L.]

286 1727 368 1758 Nihil
388 1731 414 1757 te
431 1727 520 1767 pudet
541 1728 658 1757 scelesta
676 1727 778 1766 populi
799 1727 829 1756 in
851 1730 1027 1766 conspectum
1048 1725 1178 1765 ingredi?

78 1778 133 1808 sed
154 1778 231 1810 haec
254 1779 350 1809 cuiuis
372 1780 486 1818 passim
510 1781 580 1809 sunt
602 1779 702 1808 obuia.

233 1832 382 1862 mulierum
405 1831 602 1870 intemperiem]
648 1830 754 1860 Cicero
778 1829 818 1859 ad
839 1829 971 1859 Atticum
993 1829 1069 1859 libro
1092 1829 1154 1858 1111
1177 1829 1217 1867 [6,
1241 1829 1282 1867 3]-
1324 1828 1488 1867 Incipiendo
1510 1828 1619 1866 rcsuyi:
1641 1837 1675 1856 ne
1697 1828 1744 1866 qui
1761 1827 1859 1857 videor

78 1883 135 1904 non
156 1875 236 1904 stulte
258 1875 333 1904 illius
357 1875 440 1904 ainici
462 1874 652 1912 intemperiem
675 1874 779 1911 tulisse,
805 1882 906 1902 rursus
928 1872 1006 1902 stulte
1028 1873 1162 1902 iniuriam
1184 1871 1259 1901 illius
1273 1872 1388 1910 jaciam
1409 1871 1543 1900 illustrem
1564 1871 1590 1900 si
1611 1870 1680 1909 quid
1706 1871 1857 1908 scripsero.

79 1917 267 1956 frequentius
289 1920 390 1947 tamen
413 1917 555 1947 dicebant
576 1917 767 1955 intemperiae.
812 1916 937 1945 Plautus
959 1913 1220 1953 Amphitruone.*)

281 1969 321 1999 Di
343 1972 467 1999 vostram
479 1967 590 2007 fidem!
613 1977 686 2006 quae
708 1967 890 2006 intemperiae
911 1969 1038 1996 nostram
1060 1969 1146 2005 ayunt
1159 1965 1328 2004 familiam?

76 2021 102 2051 ἀ
122 2020 295 2059 ibidem:*)'

281 2071 362 2113 Quae
383 2072 484 2111 hospes
506 2071 689 2110 intemperiae
710 2073 737 2099 vt
758 2073 787 2099 tu
808 2079 900 2099 meum
922 2068 1072 2099 verberes?

77 2123 182 2154 itidem
203 2124 235 2154 in
256 2123 411 2154 Aulularia
440 2123 465 2162 [Ι
490 2125 517 2162 1,
541 2123 580 2152 32
603 2131 632 2152 v.
658 2123 693 2151 71
721 2121 768 2159 G.]
797 2120 823 2150 ἃ,
845 2121 917 2151 alibi
951 2120 1061 2159 [Aulul.
1083 2120 1126 2150 IV
1148 2120 1178 2159 4,
1205 2120 1241 2148 15
1264 2128 1294 2150 v.
1318 2119 1378 2148 642
1403 2118 1457 2156 (ἕως
1490 2118 1580 2156 Epid.
1614 2118 1658 2146 111
1692 2118 1723 2154 4,
1757 2117 1795 2146 39
1825 2126 1853 2147 v.

77 2168 138 2197 475
163 2167 218 2206 G.;
239 2167 302 2197 Mil.
325 2167 355 2196 11
378 2167 407 2206 5,
432 2166 471 2195 24
482 2175 511 2196 v.
535 2166 598 2195 434
620 2165 678 2203 R.].

230 2219 280 2248 illa
301 2217 400 2256 cettei]
445 2217 594 2256 quaedam
617 2216 824 2253 membranaeg
847 2215 902 2244 ista
923 2214 1011 2244 vellet.
1055 2214 1228 2244 Macrobius
1253 2214 1282 2252 [1.
1306 2213 1324 2242 l.
1349 2213 1369 2252 ξ
1393 2212 1442 2250 23]
1473 2211 1497 2241 ἃ
1521 2211 1722 2248 collectanae:¹
1750 2210 1855 2239 isthaec

77 2262 164 2294 vellet.
201 2262 257 2292 has
279 2261 442 2291 lectionum
464 2260 605 2290 minutias
629 2259 682 2297 qui
703 2259 787 2288 volet
808 2259 988 2296 praetereat.

79 2459 84 2465 Ι
139 2461 184 2487 m
229 2424 259 2458 ³¹³)
275 2423 404 2451 Pertinet
421 2425 542 2457 uterque
560 2428 662 2449 versus
681 2421 718 2448 ad
736 2427 839 2448 versus
857 2419 970 2454 spurios
988 2419 1016 2446 iu
1035 2419 1163 2446 lacunam
1181 2420 1249 2452 post
1267 2417 1367 2451 Amph.
1386 2416 1425 2443 IV
1444 2417 1470 2449 2,
1490 2416 1522 2442 14
1538 2423 1564 2441 v.
1586 2415 1652 2441 1034
1672 2415 1712 2441 ΕΙ.
1726 2414 1791 2442 olim
1804 2422 1852 2449 vg.

77 2466 138 2487 inse
187 2466 210 2486 s.
