2138 2748
273 254 294 282 4
863 251 956 278 LVD.
978 251 1199 278 CARRIONIS
1216 251 1354 278 NOTAE
1372 251 1420 278 IN

478 338 664 378 Symmachus
682 341 834 377 praeterea
855 339 914 367 iam
935 342 992 368 tum
1015 339 1146 378 depo-slus
1169 339 1312 368 bubulcus.

474 381 624 420 Expirans
647 383 772 410 animam
790 381 971 420 pulmonibus
993 391 1078 420 aeyer
1099 381 1209 420 ayebat.
1244 382 1290 420 [fr.
1313 382 1354 411 LI
1375 382 1415 411 M.
1437 391 1466 410 v.
1493 382 1548 411 101
1575 391 1622 420 sq.
1644 382 1692 422 L.]

274 427 325 455 ille
478 425 615 453 eaehalans
636 424 734 453 acidos
757 425 772 452 e
790 427 905 462 pectore
926 427 1030 454 ructus.
1066 425 1112 463 [fr.
1134 425 1261 454 XXXIX
1283 426 1322 455 M.
1345 435 1374 455 v.
1401 425 1459 453 100
1482 424 1529 462 L.]

478 466 653 496 Conturbare
676 467 802 496 animam
820 467 897 505 potis
919 471 959 496 est
981 469 1146 506 quicumque
1168 468 1306 498 adoritur.
1343 467 1388 506 [fr.
1413 467 1485 505 [LV]
1509 468 1548 498 M.
1571 477 1600 497 v.
1626 469 1684 497 117
1707 467 1754 507 L.]

275 528 353 556 quae
377 518 498 556 quidem
521 518 625 555 grauia
646 518 839 548 accidebant:

483 569 584 599 Verum
606 569 675 598 haec
698 569 780 598 ludus
802 569 841 598 ibi
863 579 965 608 susque
988 571 1082 599 omnia
1105 570 1193 608 deque
1207 570 1342 607 suerunt:

477 610 587 650 Susque
610 615 634 640 et
656 611 744 650 deque
757 612 854 650 suere,
877 613 1001 651 inquam,
1026 613 1121 642 omnia
1143 612 1225 642 ludus
1247 613 1389 650 iocusque.

477 654 554 683 Illud
575 664 646 692 opus
669 654 786 693 durum5
808 658 836 684 vt
857 653 981 684 Setinum
1004 656 1174 684 accessimus
1187 656 1295 693 finem,-

476 695 640 737 Αἰγίλοποι
662 701 777 736 montes,
799 697 926 727 Aetknae
949 707 1052 736 omnes,
1077 699 1174 736 asperi
1195 697 1327 728 Athones.
1364 697 1409 735 [fr.
1433 698 1490 726 VII
1514 698 1553 727 M.
1576 707 1605 728 v.
1631 698 1647 726 7
1653 698 1669 726 5
1695 707 1763 735 sqq.
1786 698 1832 736 L.]

275 749 336 779 Sed
358 749 434 778 haec
457 749 597 778 fortassis
621 750 639 777 a
660 749 777 778 Lucilio
801 749 879 777 hanc
900 749 931 777 111
953 757 1093 777 versuum
1117 749 1225 778 seriem
1248 751 1390 778 contexta
1412 758 1472 778 non
1496 749 1626 779 fuerunt.
1660 749 1728 786 quis
1745 749 1823 778 enim
1844 749 1877 779 id
1896 750 2052 788 praestet?

174 802 203 828 p.
223 794 256 820 79
275 793 359 821 iuuat
392 800 440 820 me
473 794 574 820 tamen
610 792 625 820 e
658 791 883 820 taediosissima
915 792 968 820 illa
1000 792 1178 820 variantium
1208 792 1421 829 scripturarum
1446 790 1738 831 comlmemoratione
1765 792 1824 821 huc
1847 801 2004 822 excurrere
2026 793 2052 823 a

276 835 398 864 fastidio
432 835 624 871 languentem
659 834 844 863 stomachum
877 834 925 862 his
960 834 1144 863 scitamentis
1177 843 1325 864 recurare.
1364 835 1494 863 alienum
1522 834 1597 863 nihil
1625 835 1765 873 apposui.
1798 844 1881 864 mera
1902 838 1972 865 sunt
1993 836 2051 866 Lu-

275 878 392 914 einana,
417 877 523 914 partim
548 878 566 905 a
580 877 669 905 nobis
692 879 836 915 correcta,
858 877 968 913 partim
991 877 1021 905 in
1045 877 1180 905 ordinem
1202 877 1334 914 digesta:
1359 886 1437 914 quae
1462 886 1497 906 eo
1520 877 1617 915 magis
1639 878 1745 907 lectori
1765 878 1900 918 placere,
1923 887 2051 917 eumque

275 922 293 949 a
326 920 454 948 tristium
487 920 609 948 istarum
643 919 823 956 ineptiarum
858 919 943 956 (quid
978 919 1056 948 enim
1085 922 1154 948 sunt
1181 920 1263 948 aliud
1291 922 1351 948 tam
1375 920 1514 949 diuersae
1537 920 1562 949 &
1583 921 1695 950 totiens
1716 922 1879 958 peccantes
1901 921 2050 951 variorum

273 963 416 992 librorum
439 961 638 1000 scripturae?)
671 962 816 991 memoria
839 962 951 991 debent
973 962 1133 991 abducere.
1178 963 1266 992 Hunc
1289 965 1389 992 autem
1410 963 1520 992 Lucilii
1546 971 1677 1002 versum,
1710 965 1743 992 vt
1771 973 1838 993 eum
1865 964 2051 1024 scripsimus,

274 1008 292 1034 a
313 1005 431 1034 Lucilio
454 1005 655 1042 perscriptum
677 1004 773 1034 fuisse
795 1013 894 1043 nemo,
918 1005 1035 1043 opinor,
1058 1005 1149 1043 paulo
1171 1005 1335 1043 pudentior
1355 1006 1522 1043 negauerit.

203 1052 219 1086 ἓ
238 1053 254 1078 3
426 1057 454 1084 in
478 1055 548 1085 libro
570 1055 697 1094 XVIII]
742 1056 827 1085 Libri
849 1057 1006 1094 meliores3
1030 1056 1250 1087 octauodecimo.
1285 1057 1438 1094 quomodo
1461 1059 1580 1087 veteres
1605 1057 1719 1087 dixisse
1741 1058 1772 1087 111
1789 1057 1966 1098 Censorino,
1988 1058 2050 1088 Ha-

274 1099 387 1137 crobio,
411 1099 437 1128 &
459 1108 551 1137 supra
573 1099 752 1128 monuimus.
797 1099 877 1128 Illud
909 1101 1009 1128 tamen
1044 1099 1275 1138 obseruandum,
1309 1100 1504 1139 Macrobium,
1539 1101 1565 1129 si
1599 1101 1728 1138 optimas
1754 1101 1836 1131 illius
1857 1080 2048 1132 membranas

274 1142 299 1171 &
331 1142 481 1171 editiones
505 1151 677 1180 sequamur,
711 1142 787 1171 haec
809 1142 1036 1180 septimodecimo
1058 1141 1257 1171 Humanarum
1285 1143 1362 1172 libro
1387 1143 1468 1172 dare.
1513 1142 1713 1172 Humanarum
1736 1143 1818 1182 dico,
1852 1153 1921 1173 nam
1953 1153 2050 1174 remm

275 1186 363 1214 abest
396 1185 434 1214 ab
470 1185 607 1214 omnibus
640 1185 727 1214 libris
760 1184 840 1214 Gelli
873 1185 898 1213 &
930 1185 1077 1214 Macrobii
1100 1186 1215 1215 calamo
1246 1186 1386 1215 exaratis.
1419 1186 1558 1223 praecise
1582 1186 1732 1224 dicebant,
1756 1186 1819 1215 libri
1841 1186 2050 1226 Humanarum,

274 1227 338 1256 libri
360 1227 532 1266 diuinarum,
569 1228 651 1265 quod
673 1237 741 1267 nos,
764 1227 828 1256 libri
850 1237 946 1256 rerum
967 1228 1166 1266 humanarum,
1202 1227 1266 1257 libri
1289 1237 1383 1257 rerum
1405 1228 1568 1257 diuinarum
1590 1229 1633 1257 vti
1654 1229 1781 1259 inferius
1804 1238 1897 1267 saepe
1921 1232 1968 1259 est
1989 1230 2051 1260 ani-

271 1270 469 1300 maduertere.

426 1321 474 1350 Ad
495 1321 610 1350 Romuli
632 1322 760 1359 initium]
807 1322 851 1351 sic
885 1331 989 1351 omnes
1024 1322 1143 1351 omnino
1180 1322 1339 1360 editiones,
1375 1323 1419 1352 sic
1452 1322 1478 1352 ἀ
1504 1323 1573 1352 libri
1595 1323 1799 1360 manuscripti.
1834 1322 1894 1352 nisi
1916 1322 1999 1361 1111011
2019 1323 2051 1352 111

273 1365 448 1394 melioribus
470 1365 598 1393 Puteani
620 1365 801 1394 membranis
825 1367 886 1402 est3
914 1363 963 1393 Ad
989 1365 1114 1403 regulum
1137 1364 1252 1394 Romuli
1273 1365 1390 1394 initium.
1426 1368 1530 1395 essent
1552 1366 1604 1403 qui
1628 1365 1819 1395 scribendum
1842 1366 2051 1404 opinarentur,-

272 1417 366 1436 rerum
388 1408 576 1436 humanarum
599 1407 639 1436 ad
659 1407 806 1446 Reyulum.
842 1408 930 1444 quasi
954 1408 1045 1436 Varro
1068 1408 1185 1445 Regulo
1214 1408 1317 1437 neseio
1347 1409 1394 1438 cui
1423 1408 1480 1438 hos
1502 1409 1596 1438 libros
1620 1408 1802 1438 dedicasset.
1837 1409 1920 1446 quod
1942 1408 2051 1438 falsum

275 1453 332 1481 est.
367 1451 580 1488 coniiciebam;
605 1450 644 1478 ad
665 1451 773 1488 reyium
794 1450 909 1480 Romuli
930 1451 1047 1479 initium.
1082 1459 1139 1480 nec
1161 1451 1311 1488 displicet.

205 1504 220 1533 ξ
238 1503 256 1528 4
427 1501 517 1539 Cata]
562 1502 743 1531 vetustiores
766 1502 835 1531 libri
858 1501 1002 1531 adiiciunt
1025 1501 1133 1531 Catoni
1158 1511 1344 1539 praenomen
1372 1503 1474 1532 Marci.
1519 1502 1560 1533 M.
1591 1501 1670 1533 Cato.
1715 1503 1750 1532 In
1776 1503 1877 1532 verbis
1899 1511 1972 1532 vero
1996 1502 2051 1532 Ca—

272 1545 353 1574 tonis
375 1545 498 1582 largiter
521 1553 624 1573 omnes
648 1545 796 1574 editiones
819 1545 844 1573 81
867 1545 996 1582 quedam
1020 1545 1109 1574 etiam
1132 1545 1322 1574 membranae
1344 1547 1516 1583 peccarunt.
1539 1546 1571 1574 in
1594 1546 1703 1583 quibus
1727 1547 1788 1584 est,
1811 1545 1882 1574 Inde
1903 1549 1944 1574 est
1956 1546 2051 1584 ferme

273 1588 347 1616 mille
365 1596 482 1626 passus.
517 1590 568 1616 aut
590 1587 706 1624 alioqui
727 1588 867 1625 peccauit
888 1588 955 1625 ipse
979 1587 1105 1625 Gellius,
1130 1588 1181 1625 qui
1203 1588 1262 1617 hoc
1285 1589 1455 1626 exemplum
1477 1588 1603 1626 reliquis
1626 1589 1723 1618 simile
1739 1597 1808 1618 esse
1825 1588 2051 1618 existimauerit.

274 1631 317 1660 sic
341 1631 419 1659 enim
443 1633 526 1659 esset
548 1630 668 1669 dictum,
691 1633 732 1659 est
753 1630 818 1659 inde
840 1630 914 1659 mille
932 1639 1048 1669 passus,
1071 1633 1105 1660 vt
1126 1633 1207 1660 recte
1230 1631 1367 1670 dicimus,
1391 1630 1468 1660 abest
1489 1631 1563 1660 mille
1581 1640 1698 1669 passus.
1742 1632 1794 1661 vbi
1815 1632 1874 1661 ium
1896 1631 1971 1661 mille
1990 1640 2052 1661 non

272 1683 327 1711 pro
352 1682 387 1702 eo
415 1674 537 1710 ponitur
565 1673 648 1710 quod
671 1675 718 1702 est
739 1671 850 1713 χιλιὰς,
873 1673 929 1703 sed
959 1674 1042 1710 quod
1068 1671 1172 1714 χίλιοι.
1202 1674 1262 1703 alia
1290 1675 1363 1703 enim
1386 1675 1504 1712 ratione,
1532 1674 1631 1712 inquit
1654 1674 1781 1713 Gellius,
1803 1674 1877 1704 mille
1898 1674 2049 1713 hanun-m,

273 1717 332 1744 alia
369 1716 443 1745 mille
481 1716 605 1745 homines
644 1716 790 1746 dicendum
830 1720 877 1747 est.
934 1716 1059 1746 Plautus
1097 1715 1272 1746 Trinummo
1320 1717 1419 1755 [immo
1452 1717 1573 1748 Trucul.
1601 1718 1630 1746 11
1660 1718 1688 1756 3,
1721 1717 1801 1755 12(v.
1837 1716 1960 1756 883)sq.
1993 1717 2052 1756 FS,

271 1759 323 1788 ubi
345 1769 374 1788 v.
398 1759 495 1797 adn.]:
1903 1760 1907 1765 ’

476 1811 627 1849 Improbus
649 1812 782 1850 nihilique
803 1811 885 1840 homo
909 1814 948 1839 est
970 1811 1018 1849 qui
1040 1811 1088 1840 tibi
1109 1811 1183 1840 mille
1200 1820 1308 1849 passus
1326 1812 1438 1849 peperit
1460 1820 1568 1840 morae.

272 1865 335 1893 Iam
369 1873 440 1892 vero
475 1863 574 1892 abesse
606 1863 679 1892 mille
711 1872 825 1901 passus,
862 1862 1000 1892 Ciceroni
1024 1865 1054 1892 et
1076 1863 1201 1892 Caesari
1222 1863 1387 1900 praecipue
1408 1871 1465 1901 per
1487 1865 1534 1892 est
1555 1863 1742 1892 mehercules
1765 1862 1923 1893 familiare.
1955 1863 2050 1892 veluti

273 1907 354 1944 apud
375 1907 458 1935 illum
479 1916 534 1944 pro
560 1906 690 1935 Caecina
713 1906 742 1944 [ἓ
768 1905 834 1943 28]3
858 1905 930 1944 Quot
949 1906 1037 1935 millia
1050 1906 1162 1943 fundus
1185 1915 1253 1934 suus
1276 1905 1385 1934 abesset
1406 1905 1442 1934 ab
1465 1905 1541 1944 vrbe,
1564 1906 1644 1935 hunc
1665 1915 1737 1935 vero
1761 1906 1799 1935 de
1826 1906 1908 1935 bello
1930 1905 2048 1935 Gallico

271 1951 348 1978 libro
366 1950 470 1986 quinto
495 1950 530 1987 [c.
548 1949 587 1977 46
605 1949 624 1987 ξ
640 1950 682 1987 1]:
708 1948 794 1977 Cuius
816 1947 934 1977 hiberna
958 1948 1075 1977 aberant
1097 1948 1133 1977 ob
1157 1958 1189 1977 eo
1211 1949 1291 1977 milia
1309 1958 1450 1987 passuum
1471 1949 1697 1987 viyintiquinque.
1722 1948 1748 1977 ἀ
1770 1949 1846 1978 alias
1870 1957 1972 1987 saepo.
1996 1948 2051 1978 sed

173 2007 201 2032 p.
221 1999 255 2024 80
273 1993 415 2022 videlicet
436 1993 625 2022 librariorum
650 1991 653 2032 l
677 2001 739 2020 non
762 1991 853 2020 Gellii
880 1991 937 2020 fuit
951 1994 1119 2029 peecatum.
1158 1993 1273 2029 legerat
1292 1991 1374 2029 apud
1390 1991 1553 2030 Catonem,
1575 1991 1646 2020 Inde
1661 1992 1802 2029 estserme
1815 1991 1890 2020 mille
1900 2001 2050 2030 passuum.

274 2036 356 2073 quod
378 2035 584 2073 superioribus
608 2037 654 2064 est
677 2035 867 2064 simillimum.

205 2091 219 2120 ξ
238 2089 255 2114 5
427 2088 488 2125 quis
511 2087 663 2125 umquam]
708 2086 850 2115 meliores
873 2086 941 2114 libri
965 2085 990 2114 ἀ
1012 2085 1061 2114 hic
1084 2085 1109 2114 &
1132 2085 1214 2123 apud
1235 2084 1437 2124 Macrobium3
1461 2086 1509 2124 qui
1530 2095 1670 2124 vmquam.
1705 2081 1876 2126 ἀρχαϊκῶς.
1899 2085 1925 2115 ἃ,
1946 2095 2050 2115 omnes

273 2131 402 2168 passimg
425 2130 582 2159 inclientela
605 2129 668 2167 [sic]
693 2132 740 2166 est,
764 2138 835 2167 non,
860 2128 942 2165 quod
966 2130 1063 2157 exstat
1085 2129 1167 2166 apud
1190 2128 1376 2167 Ciceronem,
1399 2129 1429 2157 in
1451 2129 1577 2157 clientela
1599 2129 1643 2158 sit.

204 2194 217 2225 ξ
239 2193 255 2218 6
427 2193 508 2228 atque
530 2189 642 2227 multis]
689 2188 838 2226 quaedam
860 2188 1066 2227 membranae,
1100 2192 1182 2227 atque
1214 2189 1244 2217 in
1277 2188 1379 2218 multis.
1411 2188 1483 2217 item
1506 2198 1572 2227 pro,
1607 2197 1768 2225 concessum
1796 2191 1846 2226 est,
1874 2189 1906 2218 in
1926 2189 2050 2218 meliore

274 2233 401 2262 Puteani
423 2233 516 2270 libro,
537 2233 707 2270 permissum
730 2234 778 2260 est.
813 2231 850 2260 ab
874 2231 933 2260 alio
958 2231 1046 2260 etiam
1069 2232 1157 2261 abest
1178 2232 1313 2270 verbum,
1336 2234 1383 2261 est.
1418 2230 1443 2260 &
1476 2240 1550 2261 sane
1584 2231 1680 2260 maior
1706 2233 1788 2260 esset
1815 2231 2001 2262 concinnitas
2025 2232 2051 2261 si

276 2276 472 2313 scriberetur,
495 2284 584 2313 neque
605 2275 666 2311 hoc,
690 2278 717 2303 vt
739 2274 855 2313 quidam
874 2277 984 2313 putant,
1007 2275 1134 2303 vetustati
1151 2275 1324 2313 permissum
1347 2277 1395 2303 aut
1412 2283 1468 2313 per
1481 2275 1648 2313 fiyurarum
1664 2275 1874 2304 concinnitatem
1896 2274 2051 2304 admissum

274 2323 328 2357 εει,-
353 2328 442 2356 quam
464 2321 497 2347 vt
517 2318 609 2347 hodie
631 2318 749 2355 legitur.

205 2368 220 2402 ἓ
240 2368 256 2394 8
426 2379 482 2398 non
501 2379 557 2407 pro
577 2378 609 2398 eo
628 2369 764 2407 ponitur]
811 2369 891 2406 apud
914 2369 1098 2398 Macrobium
1122 2371 1184 2407 est,
1207 2378 1263 2398 non
1286 2378 1321 2397 ex
1343 2377 1375 2397 eo
1394 2368 1521 2407 ponitur.

186 2429 202 2462 ἓ
223 2429 256 2455 10
426 2429 571 2467 Lucilius]
618 2429 766 2466 quaedam
800 2430 1007 2467 membranae3
1042 2428 1157 2460 Lucius.
1196 2429 1252 2459 sed
1285 2428 1460 2466 frequenter
1493 2437 1559 2458 eum
1594 2429 1624 2458 111
1656 2428 1777 2458 modum
1805 2430 1916 2466 poetae
1938 2436 2049 2457 nomen

271 2473 360 2502 huius
384 2475 430 2502 est
452 2475 631 2510 corruptum.
