2138 2748
150 1059 265 1085 Codices

117 2018 179 2044 Par.
193 2018 262 2044 2158

1163 280 1184 312 4

288 386 377 418 enim
401 387 521 418 horum
544 385 661 417 Galeni
688 385 851 417 librorum
880 384 923 416 ad
952 386 1104 416 nostram
1133 384 1331 416 memoriam
1361 383 1482 416 servati
1512 385 1589 416 sunt
1618 383 1751 415 codices
1781 394 1880 424 quam
1909 384 2060 416 eiusdem

286 438 448 469 librorum
477 438 547 478 περὶ
574 436 750 474 συνθέσεως
772 434 946 478 φαρμάκων
973 435 1033 467 τῶν
1060 434 1143 466 κατὰ
1169 435 1244 477 γένη
1274 437 1307 467 et
1334 436 1404 476 περὶ
1426 427 1598 474 ἄντιδότων,
1628 445 1736 476 neque
1757 435 1825 467 ulla
1847 435 2058 468 Damocratis

287 489 473 528 fragmenta
496 488 627 528 gravius
652 490 809 528 corrupta
833 489 910 518 sunt
933 497 1033 527 quam
1056 487 1148 525 haec,
1173 496 1257 527 quae
1281 487 1389 525 edam,
1413 488 1579 527 quattuor.

438 544 486 574 De
510 543 627 575 Galeni
649 543 812 574 librorum
835 543 878 574 ad
900 542 1102 574 medicinam
1124 542 1364 582 pertinentium
1383 542 1553 573 codicibus
1570 551 1644 573 cum
1660 541 1817 582 perpauci
1835 542 2061 582 quaesiverint

286 595 440 626 homines
465 595 564 632 docti,
595 594 674 635 quid
703 594 832 626 diutina
859 593 1127 634 perscrutatione
1155 595 1187 625 et
1209 593 1381 625 indefesso
1405 593 1521 625 labore
1544 593 1586 624 de
1607 592 1817 625 Damocratis
1840 593 2003 625 memoria
2024 593 2059 624 in

287 646 351 677 illis
376 645 491 677 Galeni
515 645 610 677 libris
635 647 767 676 servata
789 645 926 677 tandem
950 644 1203 683 enucleaverim,
1228 644 1293 676 iam
1318 654 1493 684 exponam.

437 700 648 732 Damocratis
676 700 798 732 medici
826 700 1011 732 carminum
1041 701 1198 741 reliquias
1226 711 1333 741 paene
1367 710 1485 732 omnes
1521 700 1665 732 servavit
1698 700 1877 732 Galenus
1910 699 1936 740 I)
1964 698 2060 731 libris

284 753 355 793 περὶ
377 751 552 789 συνθέσεως
574 750 748 793 φαρμάκων
770 753 830 783 τῶν
852 749 935 782 κατὰ
957 750 1084 792 τόπους,
1118 751 1157 793 ΙΙ)
1183 752 1279 784 libris
1302 752 1372 793 περὶ
1394 751 1570 790 συνθέσεως
1592 750 1767 794 φαρμάκων
1788 751 1848 783 τῶν
1869 749 1953 782 κατὰ
1972 749 2060 793 γένη,

284 804 336 844 III)
359 803 454 835 libris
477 804 547 845 περὶ
569 799 731 835 ἀντιδότων
755 803 965 844 conscriptis.

284 926 310 961 I.
364 925 427 961 De
463 926 631 961 Galeni
670 925 906 961 librorum
946 926 1044 974 περὶ
1079 924 1320 967 συνθέσεως
1359 922 1598 972 φαρμάκων
1636 927 1717 959 τῶν
1755 922 1865 959 κατὰ
1902 922 2061 966 τόπους

845 986 1094 1022 codicibus
1124 988 1167 1021 et
1196 985 1501 1023 editionibus.

437 1053 553 1085 Galeni
577 1053 682 1085 libros
705 1054 775 1095 περὶ
797 1053 973 1091 συνθέσεως
995 1053 1169 1096 φαρμάκων
1191 1053 1251 1085 τῶν
1273 1052 1356 1084 κατὰ
1378 1051 1500 1092 τόπους,
1525 1052 1560 1084 in
1576 1052 1695 1093 quibus
1713 1051 1828 1083 insunt
1849 1051 2059 1084 Damocratis

283 1104 470 1144 fragmenta
491 1104 528 1135 II.
552 1104 601 1136 III.
625 1104 675 1136 IV.
699 1105 776 1143 VIII,
800 1105 835 1136 hi
859 1107 1034 1137 servarunt
1057 1105 1206 1137 codices:

437 1168 467 1210 1)
491 1167 521 1199 A
544 1182 583 1195 =
607 1168 752 1200 Venetus
775 1169 963 1201 Marcianus
987 1170 1049 1201 288
1073 1169 1166 1210 (olim
1190 1168 1418 1210 Bessarionis)
1441 1169 1717 1200 membranaceus
1740 1168 1797 1200 fol.
1817 1177 1903 1200 saec.
1926 1167 1970 1199 XI
1991 1166 2059 1208 (vix

284 1230 369 1252 saec.
392 1219 434 1261 X)
458 1219 578 1252 litteris
602 1220 739 1251 minutis
765 1220 919 1261 scriptus.
965 1220 1029 1259 Qui
1051 1222 1088 1253 ut
1111 1221 1261 1253 omnium
1277 1220 1532 1262 antiquissimus
1550 1222 1610 1259 est,
1635 1219 1680 1252 ita
1700 1219 1827 1251 librarii
1850 1218 2061 1260 neglegentia

283 1281 352 1303 non
374 1281 481 1312 pauca
505 1271 672 1303 contraxit
694 1271 784 1303 vitia.

434 1335 467 1377 2)
491 1334 584 1366 B:
608 1335 753 1367 Urbinas
784 1336 824 1367 67
854 1335 911 1367 fol.
941 1336 1062 1368 minor.
1091 1336 1214 1377 partim
1246 1337 1458 1375 chartaceus,
1486 1336 1609 1377 partim
1638 1334 1874 1376 bombycinus,
1903 1333 2060 1366 foliorum

281 1388 354 1419 419.
387 1386 528 1418 Constat
545 1397 585 1418 ex
601 1387 654 1418 his
670 1387 837 1427 partibus:
860 1387 885 1428 Ι)
903 1387 959 1419 fol.
975 1387 1077 1419 1—52
1094 1388 1198 1419 chart.
1216 1398 1301 1419 saec.
1318 1388 1390 1420 XV:
1407 1388 1464 1419 fol.
1479 1387 1561 1419 1-8
1577 1389 1609 1418 et
1628 1386 1767 1418 17-—322
1782 1384 1926 1428 Γαληνοῦ
1941 1383 2059 1427 ἰατρός·

283 1437 442 1480 εἰσαγωγή
466 1438 560 1479 (folia
582 1438 688 1470 9—16
712 1438 878 1479 scriptura
893 1449 998 1470 vacua
1019 1441 1113 1476 sunt;
1137 1439 1192 1470 fol.
1212 1439 1249 1471 17
1274 1439 1354 1471 inc.:
1377 1439 1448 1481 περὶ
1470 1438 1638 1480 φρενίτιδος
1653 1448 1660 1469 :
1677 1441 1807 1479 φρενῖτις
1829 1437 1884 1479 μὲν
1905 1435 1959 1468 οὖν
1981 1436 2061 1469 ἐστιν

284 1489 427 1526 ἔκστασις
450 1488 585 1527 διανοίας
608 1489 686 1531 μετὰ
708 1491 898 1531 παρακοπῆς
921 1490 1058 1531 σφοδρᾶς
1080 1489 1158 1529 κτλ,,
1190 1500 1274 1531 quae
1297 1490 1400 1521 verba
1423 1490 1578 1530 leguntur
1599 1489 1664 1521 vol.
1687 1488 1758 1520 XIV
1783 1498 1816 1529 p.
1839 1488 1902 1520 732
1924 1487 1982 1520 inf.
2006 1486 2058 1520 ed.

281 1540 430 1582 Kuehn);
459 1540 515 1572 fol.
546 1541 698 1573 33—35:
731 1540 875 1583 Γαληνοῦ
899 1541 940 1579 εἰς
962 1540 996 1572 τὸ
1025 1541 1095 1582 περὶ
1124 1543 1233 1583 χυμῶν
1262 1539 1471 1583 ίπποκράτους
1499 1539 1770 1583 [fragmentum];
1804 1539 1885 1572 folia
1919 1539 2058 1571 36—52

283 1591 449 1632 scriptura
463 1602 568 1623 vacua
584 1594 670 1624 sunt.
693 1610 733 1616 -
755 1592 795 1633 ΙΙ)
819 1592 874 1624 fol.
892 1592 1039 1624 53-277
1055 1592 1209 1634 bombyc.
1227 1602 1312 1624 saec.
1327 1593 1413 1624 XIII:
1436 1592 1493 1624 fol.
1510 1592 1657 1623 53—187
1682 1590 1816 1634 βίβλος
1837 1589 2016 1633 Γαληνοῦ
2037 1585 2059 1632 ἧ

281 1641 381 1674 κατὰ
408 1641 550 1680 τόπους
575 1643 822 1685 πραγματεία
852 1643 941 1685 (libri
958 1643 997 1682 X,
1022 1646 1055 1675 et
1073 1644 1287 1684 neglegenter
1312 1643 1428 1684 scripti
1453 1645 1485 1675 et
1502 1642 1818 1684 interpolationibus
1838 1641 1927 1674 haud
1942 1641 2058 1684 paucis

281 1694 472 1735 inquinati);
496 1694 551 1725 fol.
571 1694 737 1726 188-277
754 1694 897 1736 Γαληνοῦ
919 1697 979 1726 τῶν
1002 1693 1076 1726 κατ’
1101 1695 1180 1733 εἶδος
1203 1691 1310 1726 ἁπλῶν
1333 1694 1438 1737 (λόγος
1460 1695 1580 1736 πρῶτος
1603 1693 1678 1736 etc.)
1703 1693 1752 1735 [id
1769 1695 1830 1732 est,
1854 1693 1883 1725 si
1907 1692 2059 1733 catalogo

281 1755 382 1777 manu
406 1745 530 1785 scripto
546 1745 628 1777 fides
645 1746 801 1777 habenda
818 1748 878 1785 est,
902 1746 1018 1778 Galeni
1033 1747 1104 1788 περὶ
1118 1749 1174 1788 τῆς
1188 1749 1248 1778 τῶν
1264 1744 1371 1778 ἁπλῶν
1386 1745 1560 1788 φαρμάκων
1576 1743 1735 1787 δυνάμεως
1750 1744 1827 1776 libri
1842 1743 1995 1787 VI—XI}
2016 1761 2058 1767 —

280 1796 333 1837 III)
358 1796 413 1828 fol.
435 1796 605 1828 278-419
628 1797 733 1828 chart.
758 1807 844 1828 saec.
868 1797 940 1829 XV:
965 1797 1022 1829 fol.
1046 1797 1108 1829 282
1133 1808 1219 1838 sqq.:
1249 1796 1393 1839 Γαληνοῦ
1415 1797 1486 1839 περὶ
1507 1795 1651 1839 κράσεως
1671 1799 1732 1828 τῶν
1754 1794 1862 1828 ἁπλῶν
1883 1793 2058 1838 φαρμάκων

280 1847 330 1889 [id
353 1850 413 1887 est,
438 1848 467 1880 si
490 1849 641 1889 catalogo
671 1859 773 1881 manu
797 1850 922 1890 scripto
952 1849 1033 1881 fides
1063 1851 1123 1887 est,
1148 1849 1265 1881 Galeni
1293 1849 1364 1890 περὶ
1390 1851 1446 1890 τῆς
1471 1851 1532 1881 τῶν
1560 1844 1668 1880 ἁπλῶν
1696 1845 1871 1890 φαρμάκων
1899 1845 2058 1890 δυνάμεως

280 1899 356 1930 libri
379 1899 487 1942 I—V].
510 1919 553 1923 —
574 1900 793 1932 Accuratiora
809 1901 849 1932 de
873 1901 931 1939 eis,
949 1911 1033 1941 quae
1055 1900 1170 1932 codice
1185 1899 1218 1931 B
1232 1900 1456 1939 continentur,
1479 1910 1520 1932 ex
1536 1899 1584 1932 eis
1602 1899 1747 1940 colligas,
1770 1909 1855 1940 quae
1879 1898 1920 1931 de
1943 1897 2058 1931 codice

280 1950 434 1983 Parisino
457 1952 542 1983 2158
566 1952 762 1984 referentur.

433 2010 465 2052 3)
489 2011 539 2042 Ex
567 2011 641 2052 ipso
669 2011 702 2042 B
728 2012 775 2043 ita
802 2011 1042 2052 transcriptum
1070 2021 1155 2050 esse,
1183 2014 1220 2043 ut
1246 2020 1354 2052 pauca
1382 2011 1504 2043 menda
1533 2010 1751 2049 adderentur,
1780 2010 1879 2042 facile
1908 2009 2058 2042 intellexi

282 2061 433 2093 codicem
456 2062 647 2094 Parisinum
669 2063 753 2094 2158
777 2063 882 2094 chart.
908 2072 994 2094 saec.
1017 2063 1084 2102 XV,
1109 2062 1189 2094 olim
1211 2062 1459 2100 Memmianum,
1483 2062 1525 2094 de
1541 2072 1606 2103 quo
1623 2061 1739 2093 codice
1761 2070 1881 2102 parum
1902 2062 2057 2092 accurate

282 2113 480 2144 rettulerunt
508 2114 649 2145 Melotus
683 2114 719 2145 in
742 2112 908 2154 ‘catalogo
933 2114 1083 2146 codicum
1106 2124 1188 2146 mss.
1211 2114 1442 2146 Bibliothecae
1464 2112 1601 2154 Regiae'
1632 2113 1659 2145 Π
1685 2112 1839 2154 (Parisiis
1865 2111 1959 2153 1740)
1981 2121 2056 2152 pag.

280 2164 343 2195 455
360 2166 392 2195 et
406 2164 572 2197 Henricus
590 2165 716 2197 Omont
735 2163 936 2196 ‘Inventaire
953 2164 1119 2196 sommaire
1140 2164 1193 2196 des
1213 2164 1407 2196 manuscrits
1425 2174 1515 2206 qrecs
1536 2164 1573 2196 de
1590 2163 1622 2195 la
1642 2162 1856 2204 Bibliotheque
1870 2160 2055 2195 Nationale’
2074 2157 2077 2164 ’

281 2215 308 2246 ΙΙ
336 2214 489 2256 (Parisiis
526 2216 619 2256 1888)
649 2227 723 2257 pag.
753 2217 827 2248 207.
877 2217 995 2248 Insunt
1023 2217 1059 2248 in
1086 2226 1126 2248 eo
1157 2217 1271 2248 codice
1301 2217 1398 2248 haec:
1427 2216 1453 2257 Ι)
1481 2216 1536 2248 fol.
1575 2217 1624 2247 1¹:
1652 2215 1796 2257 Γαληνοῦ
1822 2215 1894 2256 περὶ
1918 2216 1980 2247 τῶν
2007 2213 2058 2246 ἐπὶ

280 2264 389 2303 κόποις
416 2270 555 2308 πυρετῶν
581 2266 648 2299 κτλ.
679 2268 746 2309 (hic
774 2267 859 2299 liber
893 2267 1013 2309 [aeque
1040 2270 1139 2308 atque
1166 2268 1391 2308 fragmentum
1418 2266 1460 2310 ΙΙ]
1489 2277 1558 2299 non
1586 2277 1627 2299 ex
1655 2266 1688 2298 B
1718 2266 1943 2307 transcriptus
1976 2265 2056 2307 est);

279 2317 319 2358 II)
348 2317 446 2358 (teste
475 2318 649 2360 Omontio)
678 2319 734 2351 fol.
766 2319 844 2351 14V:
879 2319 1139 2351 commentarius
1168 2319 1203 2350 in
1231 2319 1471 2360 Hippocratem
1499 2318 1540 2350 de
1568 2318 1765 2350 humoribus
1788 2315 2055 2360 [fragmentum];

279 2367 332 2409 ΠΙ)
351 2368 406 2401 fol.
420 2370 492 2401 32²:
509 2369 653 2411 Γαληνοῦ
671 2369 788 2412 ἰατρός·
811 2369 969 2412 εἰσαγωγή
989 2370 1212 2411 (abrumpitur
1224 2370 1280 2402 fol.
1292 2371 1352 2402 4οῐ
1373 2371 1451 2411 post
1467 2370 1551 2401 haec
1563 2369 1680 2401 verba:
1699 2368 1720 2411 ἦ
1740 2368 1778 2400 ἐκ
1794 2368 1850 2411 τῆς
1863 2366 1948 2400 κατὰ
1969 2367 2057 2400 θέσιν

278 2418 403 2459 τάξεως,
427 2431 511 2461 quae
535 2422 570 2453 in
593 2422 750 2453 editionis
773 2422 992 2454 Kuehnianae
1014 2422 1079 2454 vol.
1102 2422 1174 2454 XIV
1196 2432 1228 2463 p.
1252 2422 1324 2461 709,
1348 2422 1442 2453 3-4
1469 2421 1624 2462 leguntur
1647 2420 1698 2463 [in
1720 2420 1871 2461 margine
1894 2419 2056 2460 scriptum

281 2473 332 2502 est
354 2470 465 2513 ζήτ(ει)
489 2471 523 2504 τὸ
544 2472 670 2514 τέλος];
695 2473 774 2505 folia
788 2474 969 2506 :lov-46⁸1
986 2473 1151 2514 scriptura
1166 2483 1272 2505 vacua
1288 2474 1379 2511 sunt;
1403 2473 1460 2504 fol.
1475 2473 1535 2504 47¹
1559 2473 1774 2504 continuatur
1789 2471 1866 2503 libri
1881 2471 2056 2504 Galeniani

280 2524 455 2555 contextus
480 2523 599 2565 [aeque
621 2526 720 2565 atque
743 2525 778 2556 in
801 2525 846 2567 B]
870 2526 948 2557 inde
971 2536 991 2558 a
1014 2526 1122 2566 capite
1144 2525 1215 2566 περὶ
1235 2524 1404 2566 φρενίτιδος
1426 2523 1504 2566 [νοί.
1521 2525 1592 2556 XIV
1614 2535 1646 2565 p.
1663 2524 1725 2556 732
1748 2523 1806 2555 inf.
1836 2523 1887 2555 ed.
1909 2521 2055 2564 Kuehn]‚
