2138 2748
1167 287 1208 318 22

450 388 550 414 Totum
563 388 642 414 illum
655 389 755 419 locum.
768 397 823 422 quo
837 389 958 416 Galenus
973 390 1039 423 (vol.
1051 390 1113 417 XIII
1127 398 1154 423 p.
1166 390 1217 416 3429
1230 390 1303 424 sqq.)
1321 390 1355 416 de
1369 389 1477 417 Iberide
1493 390 1585 420 refert,
1601 389 1745 423 exscripsit
1759 390 1873 417 saeculo
1884 393 1965 417 sexto
1978 390 2075 418 Antius

299 431 450 457 Amidenus
456 430 485 457 in
491 430 562 457 libro
568 431 618 458 XII
624 440 683 466 cap.
690 432 719 464 Ως
731 432 854 465 quiliber
859 441 921 459 cum
927 433 1049 460 nondum
1059 441 1158 467 graece
1168 434 1257 460 editus
1263 434 1307 464 sit,
1314 434 1384 460 Aetii
1390 433 1516 460 verhaab
1522 433 1590 460 Iano
1596 433 1728 460 Coi-nario
1733 433 1900 460 latinefacta
1904 433 2075 461 adscribam:

450 473 511 505 „De
531 473 612 501 herba
635 472 753 505 Iber-ide
779 482 846 509 quae
867 477 893 502 et
913 475 1068 502 car-damino
1088 476 1252 510 appellatur,
1276 476 1383 511 eiusque
1404 475 1561 510 sinapiemo.
1604 476 1684 509 Quod
1713 476 1749 503 si
1763 476 1909 510 vestigium
1934 477 2075 511 quoddam

300 517 454 543 affectionis
473 518 654 553 relinquatur.
674 518 777 545 herbae
795 518 920 549 Iberidis.
939 527 1011 553 quae
1030 521 1058 546 et
1076 520 1233 547 cardamine
1252 520 1417 554 appellatur.
1437 519 1513 546 radix
1533 520 1701 547 assumenda
1720 522 1774 550 est;
1794 520 1896 546 etenim
1914 519 2029 548 odorem
2048 521 2076 546 et

298 569 426 594 saporem
450 569 482 587 ac
510 562 625 595 figuram
649 561 784 593 cardami.
807 562 861 589 hoc
886 565 928 588 est
950 563 1090 594 nasturtii,
1114 564 1206 590 habet.
1242 564 1328 590 Multa
1348 566 1443 590 autem
1465 563 1568 597 ubique
1591 563 1725 594 nascitur.
1749 563 1868 590 maxime
1891 565 1984 590 tamen
2003 558 2075 590 cirea

299 606 392 631 vetera
412 607 593 631 monumenta
610 613 760 639 murosque
779 607 807 632 et
825 605 897 632 circa
915 606 975 632 vias
992 606 1021 632 in
1038 606 1150 633 incultis
1169 607 1247 634 locis.
1283 607 1362 635 Folia
1379 609 1473 633 autem
1490 606 1576 632 habet
1593 606 1721 633 nasturtii
1745 614 1809 632 vere
1826 606 2074 640 quidem‘virentia

299 650 326 673 et
345 648 480 675 nasturtio
506 648 594 675 multo
613 648 730 679 maiorm
755 649 900 682 longitudo
923 657 989 676 vero
1013 649 1099 676 caulis
1123 650 1207 676 cubiti
1230 650 1307 684 parvi
1326 652 1369 676 est
1386 652 1435 677 aut
1452 650 1537 684 paulo
1555 650 1687 684 emption
1710 652 1818 677 aestate
1840 649 1939 677 florem
1955 650 2075 677 lacteum

298 691 399 725 promit
422 693 450 718 et
473 694 538 718 tunc
562 700 630 719 sane
653 692 847 719 efficacissima
869 695 1010 724 censetur:
1037 700 1134 720 semen
1157 693 1210 719 fert
1233 702 1317 728 quam
1338 693 1490 725 minimum.
1515 696 1599 727 atque
1622 693 1651 720 id
1673 693 1765 727 ipsum
1786 701 1837 727 per
1861 695 1950 721 totum
1966 693 2075 720 caulam

299 735 445 762 enascitur.
481 735 571 762 Radix
588 744 654 762 vero
673 736 838 763 acerrimum
854 736 942 763 habet
959 736 1074 763 odorem
1092 738 1120 762 et
1136 737 1255 763 maxime
1274 737 1398 764 omnium
1415 736 1551 763 nasturtio
1570 736 1697 763 similem.
1733 736 1812 764 Hanc
1831 738 1937 764 aestate
1954 736 2074 770 mxime

297 781 437 805 recentem
456 779 570 806 effodito
590 779 679 812 (arida
698 779 771 806 enim
789 779 861 806 vires
881 779 991 813 amittit)
1011 782 1038 806 et
1057 780 1203 813 diligenter
1220 780 1329 807 tundito
1349 780 1483 813 (tunditur
1502 781 1595 806 autem
1613 779 1771 814 difficulter)
1795 782 1823 806 et
1846 779 1966 813 axungia
1989 780 2075 806 veteri

298 822 408 849 modica
435 822 562 856 excipito.
587 831 619 849 ac
637 823 781 849 iuncturae
809 831 895 850 coxae
920 826 948 850 et
970 823 1099 850 universo
1125 823 1195 850 cruri
1223 823 1366 857 imponito.
1391 823 1542 856 adalligato
1567 831 1599 849 ac
1627 823 1787 850 incumbere
1809 823 1891 850 sinito
1914 823 2075 850 mulieribus

298 866 410 899 quidem
428 874 484 892 non
503 866 575 892 infra
599 867 668 893 duas
688 867 779 897 horas,
804 867 869 893 viris
894 869 986 893 autem
1004 875 1053 901 per
1076 869 1195 901 quatuor
1217 868 1347 893 horarum
1370 866 1498 900 spatium,
1522 866 1546 892 si
1564 866 1698 900 possibile
1717 866 1753 893 sit
1770 867 1799 893 id
1817 867 1951 901 perferre;
1975 867 2077 893 excitat

296 911 418 935 tumores
438 918 499 936 cum
519 910 617 936 ardore
637 912 664 936 et
682 910 790 940 rubore.
809 910 895 937 veluti
915 910 1083 944 sinapismus
1102 911 1193 936 facere
1212 911 1291 937 solet.
1327 910 1396 936 Post
1414 910 1520 936 veroin
1538 910 1669 936 balneum
1688 910 1818 941 inducito.
1837 910 1916 937 nullo
1933 911 2074 944 unguento

298 955 345 979 aut
364 955 516 986 smegmate
535 954 575 979 eis
594 953 678 984 illito;
697 954 745 980 ubi
763 962 829 980 vero
848 954 987 980 modicum
1006 954 1193 985 exudaverint.
1211 954 1239 980 in
1253 954 1353 980 solium
1372 954 1408 980 oh
1421 953 1557 980 fervorem
1570 953 1725 980 mordacius
1736 953 1863 980 desidere
1880 953 1973 980 iubeto
1990 953 2075 988 idque

298 996 404 1023 sortiter
422 996 544 1030 perferre
563 997 668 1030 cogito;
687 1005 812 1024 morsum
830 997 904 1024 enim
923 1005 985 1024 cum
1003 998 1102 1024 ardore
1120 997 1148 1024 in
1166 997 1300 1032 principio
1318 997 1420 1024 inferre
1439 997 1595 1028 consuevit;
1614 997 1715 1024 deinde
1733 997 1851 1024 educito.
1886 997 1984 1029 Ferme
2002 997 2075 1024 enim

297 1048 413 1074 semper.
434 1040 560 1073 quamvis
579 1040 614 1066 ab
633 1040 695 1066 aliis
715 1040 815 1066 fuerint
826 1040 974 1074 importati.
993 1049 1044 1067 sua
1056 1043 1155 1075 sponte
1168 1041 1285 1074 pedibus
1298 1041 1484 1074 ingredientes
1498 1040 1618 1067 exibunt.
1653 1040 1754 1067 Verum
1773 1049 1790 1067 a
1807 1040 1909 1067 balneo
1927 1041 1963 1068 ad
1981 1041 2075 1068 oleum

297 1084 413 1110 multum
431 1092 550 1117 paucum
568 1084 718 1110 admodum
737 1085 829 1110 vinum
848 1085 1009 1111 ammisceto
1029 1086 1057 1111 et
1075 1087 1263 1118 conquassata
1280 1085 1380 1111 illinito
1400 1093 1432 1111 ac
1450 1085 1566 1111 humore
1580 1092 1642 1111 cum
1654 1092 1754 1118 aspero
1772 1092 1866 1118 panno
1884 1085 1994 1111 deterso
2013 1093 2075 1111 crus

298 1128 389 1161 ipsum
408 1135 469 1153 cum
488 1127 636 1154 levissimis
656 1128 727 1154 lanis
748 1128 899 1162 cooperito.
933 1128 968 1154 Et
991 1136 1059 1154 sane
1085 1128 1228 1154 consuevit
1251 1129 1305 1154 hoc
1328 1128 1419 1162 ipsum
1437 1127 1605 1162 praesidium
1629 1128 1707 1154 nullo
1726 1127 1781 1154 alio
1800 1127 1864 1154 inde
1883 1127 1985 1155 auxilio
2004 1136 2074 1162 opus

299 1171 410 1197 habere.
448 1171 528 1204 Quod
548 1170 571 1197 si
590 1173 683 1198 tamen
702 1171 853 1205 aliquando
872 1171 1019 1205 vestigium
1037 1171 1191 1198 affectionis
1204 1171 1384 1205 relinquatur,
1403 1170 1507 1197 vicenis
1519 1171 1596 1197 horis
1609 1170 1668 1197 sive
1680 1171 1778 1197 diebus
1790 1170 1961 1206 interpositis
1979 1178 2074 1198 rursus

297 1215 395 1241 eodem
420 1214 559 1248 praesidio
584 1215 678 1241 utaris.
719 1215 809 1249 Atque
833 1215 878 1241 hic
901 1215 1014 1249 quidem
1036 1214 1179 1248 sinapismi
1198 1217 1241 1241 est
1258 1215 1367 1241 modus.
1403 1214 1549 1241 Caeterum
1572 1214 1752 1248 pharmacum
1770 1213 1861 1248 ipsum
1878 1213 1972 1248 plures
1991 1222 2074 1249 quam

297 1266 408 1292 sperare
435 1258 527 1292 possis
555 1258 583 1284 in
611 1267 642 1284 se
665 1258 857 1292 complectitur
884 1258 1094 1286 commoditates
1118 1261 1146 1285 et
1167 1266 1230 1284 cum
1253 1257 1353 1284 minori
1374 1257 1527 1284 acrimonia
1549 1257 1608 1284 eius
1632 1265 1699 1284 usus
1723 1257 1869 1291 perficitur.
1904 1256 1965 1284 Hoc
1982 1259 2075 1284 autem

297 1301 392 1328 utendi
410 1302 494 1328 modo
514 1301 597 1328 etiam
617 1302 652 1328 ad
670 1302 840 1328 inveteratos
865 1302 962 1336 capitis
986 1302 1098 1329 dolores
1121 1310 1275 1336 omnesque
1299 1301 1369 1328 alios
1392 1301 1536 1328 diuturnos
1554 1301 1675 1332 dolores,
1700 1308 1866 1335 quacunque
1884 1300 1998 1328 tandem
2015 1309 2072 1328 cor-

298 1345 373 1379 poris
392 1347 471 1379 parte
490 1345 671 1376 constiterint,
690 1346 725 1372 ad
745 1345 907 1372 affectiones
926 1346 992 1372 item
1011 1353 1093 1379 aegre
1112 1345 1246 1372 solubiles
1266 1347 1294 1372 et
1312 1345 1498 1372 resolutiones
1516 1345 1708 1378 persanandas
1725 1344 1765 1371 uti
1784 1344 1903 1371 licebit.“

448 1389 574 1416 Eundem
593 1389 691 1416 Galeni
709 1389 802 1416 locum
821 1390 886 1423 (vol.
904 1389 967 1416 XIII
984 1398 1011 1423 p.
1029 1389 1081 1416 349
1100 1397 1161 1423 sqq.
1180 1389 1223 1415 ed.
1242 1389 1350 1422 Kuehn)
1375 1389 1403 1414 in
1427 1388 1538 1414 brevius
1561 1390 1732 1414 contractum
1753 1387 1869 1422 praebet
1886 1387 1960 1415 idem
1977 1387 2072 1414 Aetius

282 1432 325 1459 -in
344 1432 406 1459 libri
425 1432 462 1458 111
481 1441 539 1466 cap.
562 1433 611 1459 184
629 1433 683 1467 (ed.
702 1433 793 1459 Aldin.
814 1433 905 1466 1534):
933 1434 1011 1465 Περὶ
1033 1434 1090 1466 τῆς
1114 1430 1314 1466 <Ἰ>βηρίδος
1335 1431 1411 1466 ἤτοι
1432 1431 1724 1465 καρδαμαντικῆς,
1746 1431 1819 1465 ἥτις
1840 1431 1998 1458 καλεῖται
2015 1433 2075 1458 καί

294 1477 452 1502 λεπίδιον.
490 1478 547 1502 Τῶν
573 1478 603 1502 δὲ
621 1475 725 1509 σφόδρα
744 1477 889 1509 ὲπωφελῶς
908 1476 1090 1509 φοινισσόντων
1109 1477 1163 1501 ἐστὶ
1180 1477 1227 1501 καί
1244 1474 1261 1509 ἡ
1278 1473 1398 1509 Ἰβηρίδα
1417 1475 1477 1509 (sic)
1495 1473 1512 1508 ἠ
1537 1476 1584 1501 καί
1607 1476 1806 1508 καρδαμαντίνη
1828 1475 1991 1509 καλουμάνη,
2013 1476 2073 1508 περί

293 1519 328 1552 ἧς
353 1518 368 1545 ὁ
392 1520 513 1553 Γαληνὸς
539 1521 566 1545 ἐν
589 1521 625 1552 τῷ
644 1522 703 1553 περὶ
727 1519 846 1553 ἰσχιαδος
868 1519 941 1553 λόγῳ
967 1521 1078 1546 πλεῖστα
1100 1521 1227 1552 γέγραφε.
1252 1520 1299 1545 καί
1321 1516 1472 1552 ’Δρχιγένης
1495 1520 1525 1544 δὲ
1552 1516 1619 1552 αὐτῇ
1644 1518 1778 1552 ἐχρήσατο
1802 1519 1845 1544 ἐπί
1862 1518 2011 1552 σπληνικῶν
2027 1519 2075 1545 καί

297 1564 456 1596 ἰσχιαδικῶν.
477 1563 551 1597 [φησί
570 1564 600 1588 δὲ
618 1564 646 1588 ἑν
658 1564 691 1596 τῇ
710 1564 776 1596 πρὸς
791 1561 925 1596 Ἀριστονα
938 1562 999 1597 (sic)
1018 1563 1143 1595 ἐπιστολῇ
1161 1564 1222 1595 περὶ
1239 1559 1323 1596 αὐτῆς
1335 1561 1420 1594 οὕτως
1432 1560 1446 1588 ὁ
1464 1560 1626 1595 Ἀρχιγένης·
1642 1559 1810 1595 Ἐβουλόμην
1827 1562 1858 1587 ὀί
1875 1569 1906 1587 σε
1922 1561 2076 1596 χρήσασθαι

296 1609 343 1633 καί
361 1608 394 1640 τῇ
413 1608 471 1639 ῥίζῃ
491 1608 540 1640 τῆς
559 1606 657 1632 ἐνθάδε
674 1608 720 1632 νῦν
734 1604 866 1640 Ἰβηρίδος
884 1607 1066 1640 καλουμένης·
1090 1606 1160 1632 haec
1178 1614 1235 1632 non
1255 1614 1288 1632 ex
1307 1605 1413 1633 Galeno
1433 1607 1543 1640 sumpta
1561 1605 1644 1640 suntJ.
1675 1604 1754 1639 Ἔχει
1771 1605 1802 1631 δὲ
1819 1604 1917 1638 φύλλα,
1935 1606 1991 1631 οἷον
2007 1613 2074 1639 τιαρ-

297 1650 396 1683 δάμου’
417 1651 498 1683 ἔαρος
516 1647 707 1683 εὐθαλέστερα,
732 1651 819 1683 μῆκος
843 1651 874 1675 δὲ
896 1649 958 1675 ὅσον
981 1649 1089 1684 πήχεως
1112 1649 1214 1675 ἐλάττω
1239 1649 1308 1683 (sic).
1331 1650 1378 1675 καί
1400 1648 1494 1682 φύεται
1519 1650 1565 1682 μὲν
1589 1650 1616 1674 ἐν
1639 1646 1821 1683 ἀγεωργήτοις
1839 1647 1938 1680 τόποις.
1956 1649 2074 1682 θεωρίας

298 1695 361 1727 (scr.
379 1693 487 1726 θέρους)
507 1694 537 1718 δὲ
554 1692 720 1726 γαλακτικὸν
738 1693 821 1724 ἄνθος
840 1693 993 1726 προβάλλει,
1011 1694 1058 1719 καί
1075 1691 1136 1718 τότε
1155 1691 1374 1726 δραστικώτατον.
1387 1693 1457 1724 ῥίζαι
1471 1693 1502 1717 δὲ
1513 1689 1650 1726 ὀδώδασιν,
1669 1693 1725 1717 οἷον
1737 1691 1887 1725 καρδάμου.
1923 1691 1979 1724 Τᾴς
1997 1693 2072 1726 ῥίζας

298 1737 344 1763 οὖν
362 1736 450 1769 λαβὼν
468 1737 505 1769 τῷ
524 1738 652 1769 εἰρημένῳ
670 1737 756 1769 καιρῷ
774 1737 822 1762 καί
839 1736 928 1769 κόψας
947 1737 1077 1769 ἐπιμελῶς
1096 1736 1155 1770 (εἰσί
1172 1736 1224 1769 γὰρ
1243 1735 1406 1769 δυσλέαντοι)
1426 1737 1473 1761 καί
1491 1736 1567 1767 λίπος
1586 1733 1633 1767 ὑὸς
1651 1733 2019 1769 τεταριχευμένουρπιβαλών
2036 1737 2074 1767 εἰς

296 1781 359 1806 ὅσον
381 1781 586 1813 ἑμπλαστρῶδες
609 1780 736 1812 γενέσθαι
758 1778 942 1812 κατάπλασμα
966 1779 1001 1812 μὴ
1028 1780 1140 1805 ἔλασσον
1168 1777 1242 1811 ὡρῶν
1269 1778 1306 1804 δ”
1331 1779 1424 1804 ἔπειτα
1447 1781 1485 1810 εἰς
1508 1778 1609 1812 θερμὸν
1629 1780 1767 1811 βαλανεῖον
1784 1777 1911 1804 εἰσελθών
1929 1775 2074 1811 α’νάλιιφος

296 1824 370 1857 (sic)·
391 1821 448 1856 μετ’
469 1821 562 1856 ὀλίγην
580 1823 734 1856 περινότισιν
751 1824 798 1849 τοῦ
818 1822 939 1856 σώματος
958 1822 1066 1855 ὲμβοίσει
1084 1824 1269 1856 δηκτικωτέρᾳ
1287 1821 1438 1855 ἐνδιάτριβε,
1452 1822 1567 1853 ἐξελθών
1580 1823 1610 1848 δὲ
1623 1823 1743 1855 οἰνιλαίφ
1755 1822 1860 1855 λιπαρῷ
1871 1822 2074 1855 munaum

296 1870 343 1893 καί
361 1867 572 1900 περιμαξοὶμενος
591 1869 674 1893 σκέπε
691 1866 721 1892 τὸ
741 1868 823 1899 ἰσχίον
841 1868 921 1899 ἐρίοις
938 1867 1086 1899 καθαροῖς·
1105 1866 1259 1898 σιναπισμοῦ
1279 1866 1326 1898 μὲν
1344 1864 1359 1892 ὅ
1377 1865 1485 1899 τρόπος,
1505 1866 1553 1897 τοὶς
1572 1867 1603 1891 δὲ
1614 1867 1663 1899 τῆς
1676 1863 1807 1898 ὠφελείας
1825 1866 1935 1897 umba<
1953 1866 2075 1899 μίζονας

296 1912 353 1944 ἔχει
364 1910 414 1936 -διοὶ
432 1910 462 1936 τὸ
481 1912 741 1944 φαρμακωδέστερον
759 1911 807 1936 καί
826 1910 893 1942 μετὰ
910 1909 1023 1943 ἥσσονας
1042 1909 1224 1942 ἐπιμελεῖσθαι
1241 1908 1351 1942 δήξεως.

447 1953 487 1980 Ex
506 1954 560 1980 hoc
577 1954 649 1980 Aetii
669 1954 717 1988 (m
737 1952 797 1988 184)
817 1953 906 1987 capite
925 1953 1019 1980 hausit
1036 1952 1172 1986 insipidus
1190 1951 1374 1986 interpolator
1392 1952 1563 1979 Dioscuridis
1580 1952 1605 1978 11
1623 1960 1683 1986 cap.
1702 1952 1754 1978 205
1775 1952 1830 1986 (ed.
1854 1951 2008 1986 Sprengel).
2026 1952 2075 1980 ubi

296 1997 366 2024 haec
384 1997 525 2030 leguntur:
541 1994 648 2031 ’Ῑβηρίς,
666 1996 727 2030 ἤτοι
743 1996 956 2030 καρδαμαντική,
975 1997 1031 2030 ἔχει
1048 1996 1081 2021 τοὶ
1100 1995 1189 2029 φύλλα
1207 1994 1343 2028 παρόμοια
1361 1995 1502 2029 καρδάμῳ,
1521 1997 1548 2021 ἐν
1567 1997 1627 2028 ἐαρι
1644 1993 1840 2028 εὐθαλέστερα·
1859 1995 1946 2030 μῆκος
1963 1996 1995 2022 δὲ
2011 1995 2075 2022 ὅσον

297 2043 428 2074 πηχυαῖον
446 2040 463 2074 ἦ
484 2041 602 2066 ἔλαττον.
622 2040 716 2073 φύεται
734 2041 765 2066 δὲ
783 2041 811 2065 ὲν
829 2037 1011 2073 ἀγεωργήτοις
1029 2039 1128 2070 τόποις.
1147 2039 1246 2071 θέρους
1264 2040 1294 2064 δὲ
1312 2039 1471 2072 γαλακτινόν
1484 2038 1567 2071 ἄνθος
1584 2038 1738 2072 προβάλλει,
1756 2041 1804 2064 καί
1820 2038 1882 2064 τότε
1899 2040 1953 2065 &ott
1970 2040 2075 2072 δραστι-

295 2083 420 2116 κώτερον.
448 2085 504 2116 ἔχει
532 2085 562 2109 δὲ
589 2083 637 2109 δυο
665 2084 740 2116 ῥίζας
766 2085 917 2116 παρομοίας
939 2082 1080 2116 καρδάμῳ,
1103 2081 1284 2115 θερμαντικάς
1307 2084 1355 2108 καί
1377 2081 1538 2114 καυστικοὶς·
1562 2081 1642 2108 αὗται
1662 2082 1716 2115 γάρ
1741 2083 1769 2107 αἱ
1791 2083 1861 2115 ῥίζαι
1884 2079 1988 2116 ἀγαθαί
2008 2082 2075 2116 πρὸς

296 2127 459 2160 ἰσχιαδικούς
482 2127 527 2153 σὺν
550 2129 643 2158 λίπους
667 2125 738 2152 ὑείου
761 2128 980 2160 τεταριχευμένου
1004 2126 1075 2160 (sic),
1098 2124 1135 2157 ὡς
1159 2126 1364 2158 ῦμπλαστρῶδις
1381 2126 1508 2158 γενέσθαι
1524 2125 1708 2158 κατάπλασμα
1729 2126 1820 2158 μέχρις
1838 2123 1915 2158 αἱρῶν
1928 2125 2075 2158 ποτέρων·

297 2171 388 2196 ἔπειτα
407 2172 435 2196 ἐν
455 2171 584 2204 βαλανείῳ
603 2171 786 2203 ἐμβιβαζέσθω
804 2172 852 2196 καί
870 2171 950 2203 ἐλαίῳ
970 2168 1026 2203 μετ’
1049 2171 1120 2203 ἐρίου
1139 2172 1193 2200 τοῖς
1211 2167 1302 2200 τόποις
1321 2169 1488 2202 ἐπιχριέσθω.

294 2256 411 2283 Galen.
426 2256 481 2283 vol.
495 2256 558 2283 XIII
577 2265 602 2290 p.
623 2256 675 2282 349
690 2264 766 2290 sqqa
785 2262 799 2277 a
801 2254 856 2282 ‘Hb
875 2254 936 2281 υπὸ
954 2255 1214 2289 Δαμοκρατουςε
1231 2258 1448 2290 γεγραμμένη
1466 2256 1633 2288 θεραπεία
1650 2256 1712 2282 τῶν
1729 2256 1926 2288 ἰσχιαδικῶν
1942 2254 1997 2282 διὰ
2012 2256 2076 2289 τῆς

1092 2300 1104 2324 1
1178 2301 1227 2325 ίδο
1253 2299 1276 2326 ἃ.

442 2340 638 2376 Ἐπιγροὶφεται
658 2344 753 2375 βιβλίον
770 2342 960 2376 Δαμοκράτους
978 2296 1170 2375 κλινικόβςνέθ,ρ
1192 2308 1276 2376 ὲνῗρ
1283 2342 1327 2368 διὰ
1351 2344 1451 2375 μέτρων
1475 2343 1616 2376 ἰαμβικων,
1644 2340 1680 2374 ὥς
1708 2342 1802 2374 εἴωθα,
1828 2343 1888 2374 περὶ
1913 2340 1980 2368 'niv‘
1998 2342 2075 2374 τριῶν

298 2386 449 2418 διαλέγεται
468 2385 630 2419 φαρμάκων·
650 2386 777 2419 πρώτους
795 2387 842 2419 μὲν
860 2387 906 2411 τοῦ
926 2385 970 2412 διὰ
988 2386 1035 2420 τῆς
1055 2385 1176 2419 βοτάνης,
1200 2386 1233 2420 ἣν
1250 2387 1298 2412 καί
1321 2383 1402 2417 αὐτὸς
1416 2382 1536 2419 Ἰβηρίδα
1559 2386 1651 2418 καλεῖ,
1677 2386 1725 2411 τοῦ
1751 2386 1876 2418 δευτέρου
1902 2385 1934 2410 δὲ
1958 2385 2005 2411 τοῦ
2031 2383 2076 2411 διὰ

447 2465 461 2478 a
491 2458 543 2485 GL
576 2460 603 2485 in
635 2460 759 2493 margine
790 2459 962 2493 praefigunt:
998 2459 1165 2494 κε(φοὶλαιον
1191 2459 1254 2493 ᾗ),
1281 2459 1347 2486 item
1374 2458 1420 2485 K:
1447 2467 1509 2492 κεφ.
1537 2441 1608 2491 Cim,
1641 2467 1695 2485 om.
1721 2457 1750 2484 Β
1775 2458 1820 2492 (in
1847 2458 1924 2485 cuius
1950 2457 2075 2492 margine

294 2518 425 2552 scriptum
444 2522 499 2545 est:
532 2520 730 2554 δημοκράτους)
758 2523 786 2546 et
809 2519 871 2551 Οὓς
901 2521 936 2547 de
965 2520 1078 2554 reliquis
1107 2520 1247 2547 codicibus
1276 2520 1346 2547 nihil
1375 2522 1545 2554 compertum
1572 2519 1664 2546 habeo
1708 2519 1718 2554 ss
1760 2519 1775 2540 b
1794 2502 1824 2545 ‘ci-t
1839 2518 1867 2546 L
1908 2518 1919 2554 Ι
1962 2525 1974 2540 ⁶
1992 2520 2075 2553 δημο-

292 2562 409 2596 κράτους
426 2561 454 2588 Β
498 2562 507 2597 ΙΙ
552 2563 566 2583 d
586 2563 701 2597 ἰβήριδος
724 2563 758 2597 A,
786 2565 891 2596 ἰβιρίδος
915 2563 978 2590 ΗΚ
1018 2563 1027 2598 ΙΙ
1071 2570 1083 2584 ⁰
1101 2564 1239 2599 κλινικός]
1264 2565 1409 2598 ἑλληνικῶς
1427 2562 1456 2590 Ε
1498 2563 1507 2598 ss
1551 2562 1562 2583 s
1577 2564 1628 2589 τῶν
1651 2571 1705 2590 om.
1724 2561 1752 2589 E
1795 2562 1805 2597 ΙΙ
1849 2569 1864 2589 Β
1880 2563 1986 2596 πρῶτον
2002 2560 2032 2589 E
2064 2561 2074 2597 fl
