2138 2748
1173 270 1192 300 6

784 371 908 414 γράψας
930 372 1017 413 σαφῆ
1039 371 1206 404 κάλλιστον
1231 370 1459 414 ήκριβωμένον·

784 420 841 465 ἀφ’
867 422 903 455 οὗ
924 422 1016 465 χάρις
1037 421 1168 465 νάμασιν
1190 422 1443 464 ἀφθονεστάτοις,

784 475 873 516 ἐκρεῖ
890 474 1053 516 προφανὴς
1074 473 1129 506 σὺν
1151 474 1219 506 θεῶ
1241 473 1446 515 ξενοτρόπως·Ι

780 526 935 568 λυτροῦσα
958 526 1063 558 δεινῶν
1085 526 1246 567 δυσχερῶν
1267 523 1467 567 νοσημάτων·

782 576 918 614 πολλοὺς
941 575 1055 618 ῥύπους
1077 576 1235 609 πλύνουσα
1256 577 1316 608 τῶν
1338 574 1552 617 παθημάτων·

783 627 879 670 σοφὸν
901 628 1038 670 γαληνὸν
1060 627 1195 669 εὐσθενῆ
1217 627 1295 669 πρὸς
1315 626 1386 665 τοὺς
1407 625 1533 668 λόγους·

783 678 953 722 αὐχοῦντός
975 677 1073 720 εὑρεῖν
1097 678 1197 721 εὐφυῆ
1220 677 1419 720 συγγραφέα·

782 730 819 762 οὗ
841 730 876 763 τὸ
898 730 991 769 κλέος
1014 730 1157 773 μέγιστον
1179 726 1277 772 ἀρθὲν
1300 728 1451 771 ἀσχέτως,

783 781 896 814 ἅπασιν
919 782 1092 824 ἐξέλαμψεν
1114 779 1367 823 ἀρρητοτρόπως-

784 833 828 866 ίὲν
849 833 976 876 φαεινὰς
997 832 1052 871 τὰς
1076 832 1171 875 βολὰς
1191 831 1246 870 τὰς
1268 832 1328 864 τῶν
1349 830 1466 873 λόγων·

783 885 933 927 λαμπρῶς
955 884 1108 926 καθαρῶς
1130 883 1284 925 εὐτρεπῶς
1306 884 1361 915 καὶ
1382 881 1533 924 κοσμίως·

782 936 898 978 ψυχαῖς
921 936 1038 978 βροτῶν
1060 933 1172 977 ἄριστα
1192 933 1481 977 προσδεδεγμὲνων·

782 986 823 1025 ώς
846 986 1012 1029 ἀγλοειδής
1034 986 1172 1029 ἐκφανής
1193 997 1236 1025 τις
1258 985 1438 1028 φωσφόροςε
1461 1002 1503 1008 --

442 1065 478 1096 ΙΙ.
523 1065 690 1106 Deinceps
719 1065 869 1106 sequitur
898 1066 963 1098 hoc
991 1065 1206 1106 poematium,
1235 1063 1350 1096 addita
1378 1063 1413 1094 in
1441 1062 1591 1103 margine
1615 1061 1716 1093 rubro
1745 1061 1808 1093 hac
1832 1060 2066 1102 inscriptione:

922 1116 1049 1149 ἀλλομ

548 1163 706 1206 Εὖκλεέος
727 1167 877 1210 γαληνοῖο
901 1166 979 1210 μετά
1002 1167 1076 1210 (sic)
1099 1166 1194 1209 σοφίη
1217 1177 1251 1199 τε
1273 1164 1358 1208 λόγω
1380 1176 1414 1198 τε

551 1218 653 1251 ἄνθεα
675 1218 868 1262 δρεψάμενος
890 1218 1087 1257 πολυανθέος
1109 1218 1207 1261 ἔξοχα
1228 1218 1335 1260 τῆσδε,

291 1278 523 1320 (inc.fol.18v)
549 1278 656 1321 βίβλου
681 1279 718 1311 ἐκ
741 1278 881 1322 μεγάλης
904 1278 1062 1322 ἐρικυδέος
1083 1280 1138 1320 (ex
1161 1277 1327 1321 ἐρικύδεως
1349 1288 1370 1310 a
1391 1277 1500 1318 prima
1517 1286 1619 1308 manu
1643 1275 1842 1316 correctum)
1865 1273 2020 1317 ἀφθίτοιο,

550 1330 612 1361 teet·
632 1330 707 1372 (sic)
729 1329 821 1362 πόλλ’
848 1330 1008 1373 ἐμόγησα·
1030 1329 1217 1373 τετηγμένος
1240 1326 1318 1372 ἀμφὶ
1339 1327 1466 1361 πόνοισι.

551 1380 644 1423 θῆκά
665 1379 693 1413 τ’
719 1381 811 1420 αὐτὸς
833 1381 927 1424 σαφέ’
952 1381 1160 1424 ἐελδομένοισι
1182 1381 1324 1424 μὲροψινε
1348 1398 1388 1403 -·
1411 1379 1508 1417 τέλος.

443 1451 636 1491 Sequuntur
659 1450 737 1482 inde
760 1460 780 1482 a
803 1451 883 1482 folio
910 1451 948 1482 19
971 1451 1089 1483 Galeni
1112 1451 1188 1482 libri
1212 1451 1253 1483 de
1281 1460 1389 1490 comp.
1413 1449 1500 1481 med.
1525 1458 1591 1480 sec.
1619 1448 1694 1480 loca
1723 1457 1764 1479 ex
1794 1447 1914 1479 eodem
1940 1445 2066 1484 codice,

290 1511 330 1533 ex
354 1511 419 1542 quo
444 1502 550 1533 codex
575 1500 604 1532 O
622 1502 786 1542 originem
815 1502 925 1541 duxit,
955 1502 1077 1540 hausti,
1106 1502 1172 1534 nisi
1195 1502 1286 1542 quod
1318 1501 1436 1533 ultima
1458 1500 1539 1532 folia
1562 1499 1640 1531 inde
1663 1509 1684 1531 a
1706 1498 1787 1530 folio
1810 1498 1873 1530 395
1894 1507 2001 1540 usque
2023 1497 2067 1530 ad

289 1553 366 1584 libri
389 1552 509 1584 decimi
532 1553 632 1584 finem
654 1563 675 1585 a
696 1553 796 1593 paulo
821 1554 1008 1586 recentiore
1024 1554 1136 1586 scriba
1151 1553 1273 1585 saeculi
1288 1552 1359 1584 XVI
1383 1551 1530 1583 ineuntis
1555 1551 1710 1592 suppleta
1732 1551 1821 1582 sunt.
1849 1549 1938 1582 Usus
1953 1551 2067 1582 autem

290 1607 341 1636 est
369 1604 424 1636 hic
451 1604 619 1636 recentior
649 1604 761 1636 scriba
791 1605 905 1637 codice
932 1615 1072 1646 prorsus
1103 1604 1252 1644 diverso,
1284 1603 1411 1636 scilicet
1439 1603 1575 1641 eodem,
1605 1612 1646 1634 ex
1673 1612 1739 1643 quo
1763 1601 1897 1634 codices
1920 1599 1962 1632 H
1978 1602 2012 1633 et
2032 1598 2072 1632 K

289 1655 429 1688 derivati
453 1658 540 1688 sunt.
585 1656 699 1697 Itaque
722 1666 799 1688 cum
814 1656 1026 1688 Damocratis
1043 1656 1231 1696 fragmenta
1252 1656 1288 1688 11.
1311 1656 1361 1687 III.
1385 1655 1454 1687 VIII
1476 1654 1511 1686 in
1527 1654 1576 1687 eis
1593 1653 1707 1695 operis
1723 1652 1901 1686 Galeniani
1913 1652 2066 1694 partibus

290 1709 422 1739 servata
444 1707 522 1746 sint,
547 1717 630 1748 quas
654 1708 765 1740 scriba
788 1708 914 1740 codicis
937 1707 972 1739 D
992 1708 1163 1749 antiquior
1190 1707 1349 1746 exaravit,
1379 1707 1485 1738 codex
1514 1704 1549 1736 D
1570 1705 1605 1737 in
1627 1705 1681 1737 his
1705 1704 1874 1737 consentit
1897 1703 1967 1736 fere
1990 1713 2066 1736 cum

289 1759 404 1790 codice
429 1757 459 1789 C
477 1761 510 1790 et
533 1769 607 1790 cum
631 1759 746 1791 codice
769 1759 816 1798 E;
846 1762 966 1792 contra
991 1759 1027 1791 in
1054 1759 1266 1792 Damocratis
1295 1759 1482 1799 fragmento
1510 1757 1561 1796 IV,
1585 1757 1676 1798 quod
1698 1756 1734 1788 in
1756 1754 2067 1797 operis‘Galeniani

289 1811 374 1842 libro
398 1810 528 1842 decimo
553 1812 653 1850 extat,
677 1811 783 1843 codex
806 1810 840 1842 D
862 1811 1032 1844 consentit
1055 1811 1125 1843 fere
1149 1821 1223 1843 cum
1247 1809 1289 1842 H
1305 1812 1338 1842 et
1361 1809 1402 1842 K.

243 1887 272 1914 E
443 1879 474 1919 7)
498 1877 533 1909 Ε
553 1893 592 1906 =
616 1880 762 1911 Venetus
785 1879 973 1912 Marcianus
997 1880 1140 1921 append.
1164 1879 1262 1911 class.
1279 1879 1307 1910 V
1323 1879 1341 1911 7
1365 1879 1471 1910 chart.
1494 1878 1551 1909 fol.
1568 1887 1655 1909 saec.
1672 1877 1740 1915 XV,
1763 1886 1828 1917 quo
1852 1875 2068 1908 continentur

290 1929 406 1961 Galeni
435 1930 506 1971 περὶ
533 1929 710 1968 συνθέσεως
738 1929 914 1972 φαρμάκων
942 1930 1002 1963 τῶν
1030 1929 1114 1962 κατὰ
1141 1930 1254 1968 τόπους
1282 1930 1359 1962 libri
1389 1929 1478 1971 (cum
1506 1928 1761 1969 additamentis)
1788 1927 1877 1960 binis
1901 1926 2066 1960 columnis

291 1980 422 2021 scripti;
457 1981 518 2013 sed
552 1983 585 2013 et
619 1981 726 2013 mutili
757 1984 835 2014 sunt
862 1982 897 2014 hi
927 1982 1003 2014 libri
1033 1982 1067 2014 in
1096 1981 1131 2013 E
1157 1984 1190 2013 et
1216 1981 1399 2022 bibliopegi
1427 1981 1525 2022 culpa
1552 1990 1622 2013 non
1650 1990 1756 2021 pauca
1783 1979 1864 2012 folia
1889 1989 2065 2020 perperam

291 2032 446 2064 ordinata
469 2034 563 2070 sunt;
587 2032 704 2073 incipit
727 2033 845 2065 Galeni
868 2043 952 2074 opus
976 2033 1012 2065 in
1034 2033 1069 2065 Ε
1089 2034 1124 2065 in
1146 2034 1257 2066 medio
1281 2034 1367 2065 libro
1390 2033 1440 2064 III.

246 2106 275 2133 F
443 2100 476 2141 8)
499 2099 535 2131 F
553 2115 593 2127 =
616 2101 790 2133 Parisinus
814 2101 898 2133 2155
922 2102 1027 2133 chart.
1051 2102 1175 2134 saeculi
1191 2102 1263 2134 XIV
1278 2102 1426 2134 ineuntis
1441 2102 1493 2133 vel
1510 2101 1655 2132 fortasse
1678 2100 1802 2133 saeculi
1819 2100 1890 2132 XIII
1913 2099 2066 2132 exeuntis

291 2151 394 2192 (olim,
424 2151 452 2183 si
482 2162 522 2183 ex
551 2152 677 2184 codicis
705 2154 898 2193 tegumento
928 2152 1154 2185 coniecturam
1183 2154 1293 2185 facere
1321 2153 1414 2192 licet,
1443 2151 1687 2193 Memmianus).
1736 2152 1858 2184 Insunt
1885 2151 1921 2184 in
1942 2149 1978 2182 F
1995 2156 2073 2183 non*

290 2205 422 2235 tantum
454 2202 504 2244 (ut
529 2204 671 2235 Melotus
706 2203 741 2235 in
776 2204 927 2245 catalogo
961 2204 1102 2246 rettulit)
1125 2205 1243 2237 Galeni
1271 2205 1342 2246 περὶ
1369 2203 1545 2241 συνθέσεως
1572 2202 1748 2245 φαρμάκων
1769 2202 1829 2235 τῶν
1850 2201 1934 2235 κατὰ
1954 2201 2067 2240 τόπους
2136 2206 2138 2224 ·’

291 2254 367 2285 libri
390 2255 527 2293 Iv-IX‚
552 2255 607 2295 qui
631 2255 766 2296 quidem
789 2265 906 2287 revera
929 2256 963 2287 in
986 2254 1022 2287 F
1040 2256 1195 2296 leguntur
1218 2256 1274 2288 fol.
1301 2255 1477 2294 101-264,
1509 2254 1568 2287 sed
1596 2253 1870 2295 praecedunt-his
1892 2263 1952 2286 sex
1969 2253 2065 2286 libris

291 2305 391 2337 etiam
415 2306 565 2338 eiusdem
589 2306 700 2347 operis
724 2307 802 2338 libri
824 2307 922 2339 I—III
944 2307 1009 2339 hoc
1031 2307 1128 2339 titulo
1152 2307 1319 2347 insigniti:
1342 2307 1414 2348 περὶ
1434 2306 1494 2339 τῶν
1516 2304 1599 2337 κατὰ
1620 2305 1733 2344 τόπους
1759 2303 1963 2337 πεπονθότων
1985 2303 2065 2347 βιβλ.
2133 2306 2138 2320 ⁴

292 2354 331 2396 α’,
355 2355 392 2398 β’,
415 2355 453 2398 γ’.
477 2359 576 2398 atque
599 2360 677 2398 post
700 2358 790 2389 tertii
813 2358 891 2389 libri
915 2358 1042 2390 exitum
1063 2359 1165 2390 rubro
1188 2358 1304 2390 addita
1326 2360 1378 2390 est
1399 2358 1482 2390 haec
1507 2357 1726 2398 subscriptio:
1751 2358 1790 2397 -Ι-
1813 2355 1901 2394 τὲλος
1921 2355 2066 2398 Γαληνοῢ

290 2407 361 2448 περὶ
383 2407 559 2446 συνθέσεως
582 2407 756 2450 φαρμάκων
778 2410 838 2441 τῶν
853 2408 936 2441 κατὰ
956 2408 1069 2448 τόπους
1085 2409 1201 2452 βιβλίον
1221 2409 1321 2451 τρίτον
1337 2420 1361 2440 :-
1387 2407 1513 2451 χριστὸς
1535 2408 1604 2451 ἐμοὶ
1625 2408 1767 2450 γεωργίω
1789 2406 1882 2450 χάριν
1903 2407 1958 2439 καὶ
1971 2406 2066 2444 κῦδος

292 2456 417 2496 endem:
447 2458 544 2499 (quae
572 2460 675 2491 verba
703 2460 891 2492 hexametri
920 2461 1073 2502 dactylici
1109 2463 1252 2493 metrum
1285 2460 1490 2493 adfectantia
1524 2460 1647 2500 excipit
1682 2460 1782 2492 index
1815 2469 1947 2498 eorum,
1980 2468 2065 2500 quae

292 2512 410 2550 quarto
434 2510 520 2542 libro
548 2511 619 2552 περὶ
646 2510 822 2549 συνθέσεως
850 2511 1025 2554 φαρμάκων
1051 2512 1112 2544 τῶν
1138 2512 1223 2544 κατὰ
1244 2511 1357 2550 τόπους
1379 2511 1618 2553 continentur).
1663 2512 1754 2544 Idem
1777 2512 1898 2551 scriba,
1921 2511 1978 2554 qui
1999 2512 2065 2544 hoc
