<?xml version="1.0" encoding="UTF-8"?>
<!DOCTYPE html PUBLIC "-//W3C//DTD XHTML 1.0 Transitional//EN"
    "http://www.w3.org/TR/xhtml1/DTD/xhtml1-transitional.dtd">
<html xmlns="http://www.w3.org/1999/xhtml" xml:lang="en" lang="en">
 <head>
  <title>
</title>
<meta http-equiv="Content-Type" content="text/html;charset=utf-8" />
  <meta name='ocr-system' content='tesseract 3.04.00' />
  <meta name='ocr-capabilities' content='ocr_page ocr_carea ocr_par ocr_line ocrx_word'/>
</head>
<body>
  <div class='ocr_page' id='page_1' title='image "./ueberdieentstehu00benfuoft_0273.png"; bbox 0 0 2138 2748; ppageno 0'>
   <div class='ocr_carea' id='block_1_1' title="bbox 711 233 1872 264">
    <p class='ocr_par' dir='ltr' id='par_1_1' title="bbox 711 233 1872 264">
     <span class='ocr_line' id='line_1_1' title="bbox 711 233 1872 264; baseline 0.001 -1"><span class='ocrx_word' id='word_1_1' title='bbox 711 236 746 263; x_wconf 79' lang='lat' dir='ltr'><strong><em>A.</em></strong></span> <span class='ocrx_word' id='word_1_2' title='bbox 767 234 914 263; x_wconf 76' lang='lat' dir='ltr'><strong><em>GELLII</em></strong></span> <span class='ocrx_word' id='word_1_3' title='bbox 928 233 1007 262; x_wconf 86' lang='lat' dir='ltr'><strong><em>LIB.</em></strong></span> <span class='ocrx_word' id='word_1_4' title='bbox 1027 233 1054 261; x_wconf 85' lang='lat' dir='ltr'><strong><em>I.</em></strong></span> <span class='ocrx_word' id='word_1_5' title='bbox 1074 234 1156 262; x_wconf 75' lang='lat' dir='ltr'><strong><em>CAP.</em></strong></span> <span class='ocrx_word' id='word_1_6' title='bbox 1175 233 1258 262; x_wconf 83' lang='lat' dir='ltr'><strong><em>XVI.</em></strong></span> <span class='ocrx_word' id='word_1_7' title='bbox 1853 234 1872 264; x_wconf 73' lang='grc' dir='ltr'><strong><em>ἱ)</em></strong></span> 
     </span>
    </p>
   </div>
   <div class='ocr_carea' id='block_1_2' title="bbox 97 322 1874 663">
    <p class='ocr_par' dir='ltr' id='par_1_2' title="bbox 97 322 1874 663">
     <span class='ocr_line' id='line_1_2' title="bbox 244 322 1872 364; baseline -0.002 -9"><span class='ocrx_word' id='word_1_8' title='bbox 244 327 448 364; x_wconf 75' lang='lat' dir='ltr'><strong><em>praeterquam</em></strong></span> <span class='ocrx_word' id='word_1_9' title='bbox 475 324 626 362; x_wconf 55' lang='lat' dir='ltr'><strong><em>superium]</em></strong></span> <span class='ocrx_word' id='word_1_10' title='bbox 671 323 812 354; x_wconf 87' lang='lat' dir='ltr'><strong><em>meliores</em></strong></span> <span class='ocrx_word' id='word_1_11' title='bbox 840 323 1048 360; x_wconf 78' lang='lat' dir='ltr'><strong><em>membranae3</em></strong></span> <span class='ocrx_word' id='word_1_12' title='bbox 1067 325 1184 360; x_wconf 82' lang='lat' dir='ltr'><strong><em>praeter</em></strong></span> <span class='ocrx_word' id='word_1_13' title='bbox 1206 322 1282 360; x_wconf 83' lang='lat' dir='ltr'><strong><em>quod</em></strong></span> <span class='ocrx_word' id='word_1_14' title='bbox 1303 331 1394 361; x_wconf 84' lang='lat' dir='ltr'><strong><em>supra</em></strong></span> <span class='ocrx_word' id='word_1_15' title='bbox 1411 323 1499 361; x_wconf 73' lang='lat' dir='ltr'><strong><em>posui</em></strong></span> <span class='ocrx_word' id='word_1_16' title='bbox 1522 322 1685 359; x_wconf 74' lang='lat' dir='ltr'>eleganter.</span> <span class='ocrx_word' id='word_1_17' title='bbox 1723 323 1768 352; x_wconf 90' lang='lat' dir='ltr'><strong><em>sic</em></strong></span> <span class='ocrx_word' id='word_1_18' title='bbox 1794 322 1872 351; x_wconf 87' lang='lat' dir='ltr'><strong><em>enim</em></strong></span> 
     </span>
     <span class='ocr_line' id='line_1_3' title="bbox 98 365 1873 406; baseline -0.003 -7"><span class='ocrx_word' id='word_1_19' title='bbox 98 368 276 406; x_wconf 79' lang='lat' dir='ltr'><strong><em>plerumque</em></strong></span> <span class='ocrx_word' id='word_1_20' title='bbox 298 368 414 405; x_wconf 75' lang='lat' dir='ltr'><strong>antiqui</strong></span> <span class='ocrx_word' id='word_1_21' title='bbox 448 367 474 397; x_wconf 63' lang='lat' dir='ltr'><strong><em>e</em></strong></span> <span class='ocrx_word' id='word_1_22' title='bbox 497 367 641 398; x_wconf 77' lang='lat' dir='ltr'><strong>Oratores</strong></span> <span class='ocrx_word' id='word_1_23' title='bbox 664 367 689 396; x_wconf 77' lang='grc' dir='ltr'>ἀ</span> <span class='ocrx_word' id='word_1_24' title='bbox 710 368 821 404; x_wconf 88' lang='lat' dir='ltr'><strong><em>poetae</em></strong></span> <span class='ocrx_word' id='word_1_25' title='bbox 843 368 915 396; x_wconf 85' lang='lat' dir='ltr'><strong><em>sunt</em></strong></span> <span class='ocrx_word' id='word_1_26' title='bbox 935 365 1038 395; x_wconf 86' lang='lat' dir='ltr'><strong><em>locuti.</em></strong></span> <span class='ocrx_word' id='word_1_27' title='bbox 1075 368 1199 403; x_wconf 83' lang='lat' dir='ltr'><strong><em>praeter,</em></strong></span> <span class='ocrx_word' id='word_1_28' title='bbox 1222 374 1289 403; x_wconf 88' lang='lat' dir='ltr'><strong><em>pro,</em></strong></span> <span class='ocrx_word' id='word_1_29' title='bbox 1308 368 1521 403; x_wconf 73' lang='lat' dir='ltr'><strong><em>praeterquam.</em></strong></span> <span class='ocrx_word' id='word_1_30' title='bbox 1566 365 1672 395; x_wconf 86' lang='lat' dir='ltr'><strong><em>Cicero</em></strong></span> <span class='ocrx_word' id='word_1_31' title='bbox 1688 365 1727 394; x_wconf 81' lang='lat' dir='ltr'><strong><em>ad</em></strong></span> <span class='ocrx_word' id='word_1_32' title='bbox 1741 365 1873 395; x_wconf 67' lang='lat' dir='ltr'><strong><em>Auium</em></strong></span> 
     </span>
     <span class='ocr_line' id='line_1_4' title="bbox 98 407 1874 449; baseline -0.002 -7"><span class='ocrx_word' id='word_1_33' title='bbox 98 411 174 442; x_wconf 86' lang='lat' dir='ltr'><strong><em>libro</em></strong></span> <span class='ocrx_word' id='word_1_34' title='bbox 198 411 327 449; x_wconf 76' lang='lat' dir='ltr'><strong><em>septimo</em></strong></span> <span class='ocrx_word' id='word_1_35' title='bbox 356 410 415 449; x_wconf 88' lang='lat' dir='ltr'><strong><em>[ep.</em></strong></span> <span class='ocrx_word' id='word_1_36' title='bbox 440 411 456 439; x_wconf 89' lang='grc'><strong>3</strong></span> <span class='ocrx_word' id='word_1_37' title='bbox 482 410 502 449; x_wconf 66' lang='grc' dir='ltr'>ξ</span> <span class='ocrx_word' id='word_1_38' title='bbox 528 410 591 448; x_wconf 83' lang='lat'>12]:</span> <span class='ocrx_word' id='word_1_39' title='bbox 615 408 671 448; x_wconf 71' lang='lat' dir='ltr'><strong><em>Qui</em></strong></span> <span class='ocrx_word' id='word_1_40' title='bbox 693 418 799 447; x_wconf 77' lang='lat' dir='ltr'><strong><em>omnes,</em></strong></span> <span class='ocrx_word' id='word_1_41' title='bbox 831 411 947 445; x_wconf 83' lang='lat' dir='ltr'><strong><em>praeter</em></strong></span> <span class='ocrx_word' id='word_1_42' title='bbox 968 407 1003 437; x_wconf 81' lang='lat' dir='ltr'><strong><em>de</em></strong></span> <span class='ocrx_word' id='word_1_43' title='bbox 1025 416 1080 446; x_wconf 89' lang='lat' dir='ltr'><strong><em>quo</em></strong></span> <span class='ocrx_word' id='word_1_44' title='bbox 1099 416 1155 445; x_wconf 83' lang='lat' dir='ltr'><strong><em>per</em></strong></span> <span class='ocrx_word' id='word_1_45' title='bbox 1176 410 1199 436; x_wconf 70' lang='lat' dir='ltr'><strong><em>te</em></strong></span> <span class='ocrx_word' id='word_1_46' title='bbox 1221 409 1336 446; x_wconf 61' lang='lat' dir='ltr'><strong><em>egimus,</em></strong></span> <span class='ocrx_word' id='word_1_47' title='bbox 1359 417 1439 437; x_wconf 86' lang='lat' dir='ltr'><strong><em>reum</em></strong></span> <span class='ocrx_word' id='word_1_48' title='bbox 1460 417 1504 436; x_wconf 85' lang='lat' dir='ltr'><strong><em>me</em></strong></span> <span class='ocrx_word' id='word_1_49' title='bbox 1518 408 1621 445; x_wconf 81' lang='lat' dir='ltr'><strong><em>facere</em></strong></span> <span class='ocrx_word' id='word_1_50' title='bbox 1643 411 1749 438; x_wconf 82' lang='lat' dir='ltr'><strong><em>rentur.</em></strong></span> <span class='ocrx_word' id='word_1_51' title='bbox 1793 408 1874 438; x_wconf 85' lang='lat' dir='ltr'><strong><em>idem</em></strong></span> 
     </span>
     <span class='ocr_line' id='line_1_5' title="bbox 98 449 1874 491; baseline -0.003 -7"><span class='ocrx_word' id='word_1_52' title='bbox 98 453 138 484; x_wconf 81' lang='lat' dir='ltr'><strong><em>ad</em></strong></span> <span class='ocrx_word' id='word_1_53' title='bbox 160 452 196 490; x_wconf 82' lang='lat' dir='ltr'><strong><em>Q.</em></strong></span> <span class='ocrx_word' id='word_1_54' title='bbox 219 453 354 483; x_wconf 77' lang='lat' dir='ltr'><strong>Fratrem</strong></span> <span class='ocrx_word' id='word_1_55' title='bbox 376 453 452 483; x_wconf 90' lang='lat' dir='ltr'><strong><em>libro</em></strong></span> <span class='ocrx_word' id='word_1_56' title='bbox 477 453 574 491; x_wconf 89' lang='lat' dir='ltr'><strong><em>primo</em></strong></span> <span class='ocrx_word' id='word_1_57' title='bbox 600 452 659 490; x_wconf 86' lang='lat' dir='ltr'><strong><em>[ep.</em></strong></span> <span class='ocrx_word' id='word_1_58' title='bbox 684 453 697 481; x_wconf 93' lang='lat'>1</span> <span class='ocrx_word' id='word_1_59' title='bbox 725 451 744 490; x_wconf 68' lang='grc' dir='ltr'>ξ</span> <span class='ocrx_word' id='word_1_60' title='bbox 764 451 811 490; x_wconf 90' lang='grc'><strong><em>16]</em></strong></span> <span class='ocrx_word' id='word_1_61' title='bbox 834 450 872 480; x_wconf 86' lang='grc' dir='ltr'><strong><em>Ε.</em></strong></span> <span class='ocrx_word' id='word_1_62' title='bbox 896 449 1016 480; x_wconf 79' lang='lat' dir='ltr'><strong><em>Graecis</em></strong></span> <span class='ocrx_word' id='word_1_63' title='bbox 1038 450 1110 488; x_wconf 75' lang='lat' dir='ltr'><strong><em>ipsis</em></strong></span> <span class='ocrx_word' id='word_1_64' title='bbox 1126 450 1271 479; x_wconf 80' lang='lat' dir='ltr'><strong><em>cauendae</em></strong></span> <span class='ocrx_word' id='word_1_65' title='bbox 1285 454 1348 480; x_wconf 76' lang='lat' dir='ltr'><strong><em>sunt</em></strong></span> <span class='ocrx_word' id='word_1_66' title='bbox 1363 450 1737 490; x_wconf 73' lang='lat' dir='ltr'><strong><em>quaedamsamita&#39;aritates,</em></strong></span> <span class='ocrx_word' id='word_1_67' title='bbox 1758 454 1874 489; x_wconf 79' lang='lat' dir='ltr'><strong><em>praeter</em></strong></span> 
     </span>
     <span class='ocr_line' id='line_1_6' title="bbox 100 492 1874 535; baseline -0.002 -9"><span class='ocrx_word' id='word_1_68' title='bbox 100 495 242 526; x_wconf 69' lang='lat' dir='ltr'><strong><em>homiuum</em></strong></span> <span class='ocrx_word' id='word_1_69' title='bbox 259 505 483 535; x_wconf 79' lang='lat' dir='ltr'><strong><em>perpaucorum.</em></strong></span> <span class='ocrx_word' id='word_1_70' title='bbox 518 494 544 525; x_wconf 71' lang='grc' dir='ltr'>ἀ</span> <span class='ocrx_word' id='word_1_71' title='bbox 577 494 616 524; x_wconf 87' lang='lat' dir='ltr'><strong><em>ad</em></strong></span> <span class='ocrx_word' id='word_1_72' title='bbox 639 494 770 525; x_wconf 80' lang='lat' dir='ltr'><strong><em>Atticum</em></strong></span> <span class='ocrx_word' id='word_1_73' title='bbox 797 494 875 524; x_wconf 88' lang='lat' dir='ltr'><strong><em>libro</em></strong></span> <span class='ocrx_word' id='word_1_74' title='bbox 905 493 1010 531; x_wconf 86' lang='lat' dir='ltr'><strong><em>quinto</em></strong></span> <span class='ocrx_word' id='word_1_75' title='bbox 1041 492 1100 531; x_wconf 87' lang='lat' dir='ltr'><strong><em>[ep.</em></strong></span> <span class='ocrx_word' id='word_1_76' title='bbox 1130 493 1147 521; x_wconf 88' lang='lat'><strong>3</strong></span> <span class='ocrx_word' id='word_1_77' title='bbox 1179 493 1198 531; x_wconf 67' lang='grc' dir='ltr'>ξ</span> <span class='ocrx_word' id='word_1_78' title='bbox 1228 493 1273 531; x_wconf 80' lang='grc'><strong><em>2];</em></strong></span> <span class='ocrx_word' id='word_1_79' title='bbox 1308 493 1412 522; x_wconf 75' lang='lat' dir='ltr'><strong><em>Nullas</em></strong></span> <span class='ocrx_word' id='word_1_80' title='bbox 1441 493 1534 522; x_wconf 78' lang='lat' dir='ltr'><strong><em>adhue</em></strong></span> <span class='ocrx_word' id='word_1_81' title='bbox 1561 502 1737 531; x_wconf 82' lang='lat' dir='ltr'><strong><em>acceperam,</em></strong></span> <span class='ocrx_word' id='word_1_82' title='bbox 1757 497 1874 532; x_wconf 83' lang='lat' dir='ltr'><strong><em>praeter</em></strong></span> 
     </span>
     <span class='ocr_line' id='line_1_7' title="bbox 99 535 1874 578; baseline -0.002 -9"><span class='ocrx_word' id='word_1_83' title='bbox 99 547 173 578; x_wconf 85' lang='lat' dir='ltr'><strong><em>quae</em></strong></span> <span class='ocrx_word' id='word_1_84' title='bbox 201 537 284 568; x_wconf 80' lang='lat' dir='ltr'><strong><em>binae</em></strong></span> <span class='ocrx_word' id='word_1_85' title='bbox 306 539 374 568; x_wconf 78' lang='lat' dir='ltr'><strong><em>mihi</em></strong></span> <span class='ocrx_word' id='word_1_86' title='bbox 395 539 425 568; x_wconf 76' lang='lat' dir='ltr'><strong><em>in</em></strong></span> <span class='ocrx_word' id='word_1_87' title='bbox 447 537 607 567; x_wconf 80' lang='lat' dir='ltr'><strong><em>Trebulano</em></strong></span> <span class='ocrx_word' id='word_1_88' title='bbox 630 537 757 567; x_wconf 79' lang='lat' dir='ltr'><strong><em>redditae</em></strong></span> <span class='ocrx_word' id='word_1_89' title='bbox 779 539 852 566; x_wconf 76' lang='lat' dir='ltr'><strong><em>sunt.</em></strong></span> <span class='ocrx_word' id='word_1_90' title='bbox 885 536 979 566; x_wconf 91' lang='lat' dir='ltr'><strong><em>Varro</em></strong></span> <span class='ocrx_word' id='word_1_91' title='bbox 1003 535 1041 565; x_wconf 89' lang='lat' dir='ltr'><strong><em>de</em></strong></span> <span class='ocrx_word' id='word_1_92' title='bbox 1064 535 1177 565; x_wconf 87' lang='lat' dir='ltr'><strong><em>rustica</em></strong></span> <span class='ocrx_word' id='word_1_93' title='bbox 1197 536 1274 565; x_wconf 86' lang='lat' dir='ltr'><strong><em>libro</em></strong></span> <span class='ocrx_word' id='word_1_94' title='bbox 1298 536 1394 573; x_wconf 86' lang='lat' dir='ltr'><strong><em>primo</em></strong></span> <span class='ocrx_word' id='word_1_95' title='bbox 1419 536 1454 574; x_wconf 90' lang='lat' dir='ltr'><strong><em>[c.</em></strong></span> <span class='ocrx_word' id='word_1_96' title='bbox 1478 537 1515 564; x_wconf 85' lang='lat'><strong><em>41</em></strong></span> <span class='ocrx_word' id='word_1_97' title='bbox 1542 535 1562 574; x_wconf 67' lang='grc' dir='ltr'><strong>ξ</strong></span> <span class='ocrx_word' id='word_1_98' title='bbox 1587 536 1633 574; x_wconf 77' lang='lat'><strong><em>513</em></strong></span> <span class='ocrx_word' id='word_1_99' title='bbox 1663 537 1691 565; x_wconf 77' lang='lat' dir='ltr'><strong><em>in</em></strong></span> <span class='ocrx_word' id='word_1_100' title='bbox 1713 537 1874 566; x_wconf 69' lang='lat' dir='ltr'><strong><em>nemum-iis</em></strong></span> 
     </span>
     <span class='ocr_line' id='line_1_8' title="bbox 99 577 1873 620; baseline -0.002 -9"><span class='ocrx_word' id='word_1_101' title='bbox 99 581 227 611; x_wconf 83' lang='lat' dir='ltr'><strong><em>surculos</em></strong></span> <span class='ocrx_word' id='word_1_102' title='bbox 250 581 284 610; x_wconf 88' lang='lat' dir='ltr'><strong><em>de</em></strong></span> <span class='ocrx_word' id='word_1_103' title='bbox 297 582 396 620; x_wconf 78' lang='lat' dir='ltr'><strong><em>ficeto,</em></strong></span> <span class='ocrx_word' id='word_1_104' title='bbox 419 591 503 619; x_wconf 85' lang='lat' dir='ltr'><strong><em>quam</em></strong></span> <span class='ocrx_word' id='word_1_105' title='bbox 524 590 619 619; x_wconf 75' lang='lat' dir='ltr'><strong><em>yrana</em></strong></span> <span class='ocrx_word' id='word_1_106' title='bbox 643 580 677 609; x_wconf 89' lang='lat' dir='ltr'><strong><em>de</em></strong></span> <span class='ocrx_word' id='word_1_107' title='bbox 689 580 752 618; x_wconf 83' lang='lat' dir='ltr'><strong><em>fico</em></strong></span> <span class='ocrx_word' id='word_1_108' title='bbox 775 578 888 618; x_wconf 70' lang='lat' dir='ltr'><strong><em>expedit</em></strong></span> <span class='ocrx_word' id='word_1_109' title='bbox 910 578 1028 608; x_wconf 85' lang='lat' dir='ltr'><strong><em>obruere</em></strong></span> <span class='ocrx_word' id='word_1_110' title='bbox 1048 581 1163 617; x_wconf 81' lang='lat' dir='ltr'><strong><em>praeter</em></strong></span> <span class='ocrx_word' id='word_1_111' title='bbox 1185 578 1211 606; x_wconf 81' lang='lat' dir='ltr'><strong><em>si</em></strong></span> <span class='ocrx_word' id='word_1_112' title='bbox 1232 578 1313 607; x_wconf 78' lang='lat' dir='ltr'><strong><em>aliter</em></strong></span> <span class='ocrx_word' id='word_1_113' title='bbox 1335 587 1468 617; x_wconf 73' lang='lat' dir='ltr'><strong><em>nequeas.</em></strong></span> <span class='ocrx_word' id='word_1_114' title='bbox 1513 577 1569 608; x_wconf 86' lang='lat' dir='ltr'><strong><em>sed</em></strong></span> <span class='ocrx_word' id='word_1_115' title='bbox 1591 579 1666 608; x_wconf 87' lang='lat' dir='ltr'><strong><em>haec</em></strong></span> <span class='ocrx_word' id='word_1_116' title='bbox 1689 580 1719 608; x_wconf 93' lang='lat' dir='ltr'><strong><em>in</em></strong></span> <span class='ocrx_word' id='word_1_117' title='bbox 1739 582 1873 609; x_wconf 87' lang='lat' dir='ltr'><strong><em>veterum</em></strong></span> 
     </span>
     <span class='ocr_line' id='line_1_9' title="bbox 97 623 679 663; baseline 0 -9"><span class='ocrx_word' id='word_1_118' title='bbox 97 623 217 663; x_wconf 86' lang='lat' dir='ltr'><strong><em>scriptis</em></strong></span> <span class='ocrx_word' id='word_1_119' title='bbox 239 624 417 663; x_wconf 85' lang='lat' dir='ltr'><strong><em>plerumque</em></strong></span> <span class='ocrx_word' id='word_1_120' title='bbox 440 626 509 653; x_wconf 89' lang='lat' dir='ltr'><strong><em>sunt</em></strong></span> <span class='ocrx_word' id='word_1_121' title='bbox 531 625 679 662; x_wconf 84' lang='lat' dir='ltr'><strong><em>corrupta.</em></strong></span> 
     </span>
    </p>
   </div>
   <div class='ocr_carea' id='block_1_3' title="bbox 247 672 1958 713">
    <p class='ocr_par' dir='ltr' id='par_1_3' title="bbox 247 672 1958 713">
     <span class='ocr_line' id='line_1_10' title="bbox 247 672 1958 713; baseline -0.001 -9"><span class='ocrx_word' id='word_1_122' title='bbox 247 674 328 705; x_wconf 83' lang='lat' dir='ltr'><strong><em>libro.</em></strong></span> <span class='ocrx_word' id='word_1_123' title='bbox 351 674 428 713; x_wconf 86' lang='lat' dir='ltr'><strong><em>XV.]</em></strong></span> <span class='ocrx_word' id='word_1_124' title='bbox 474 675 572 706; x_wconf 80' lang='lat' dir='ltr'><strong><em>scribe</em></strong></span> <span class='ocrx_word' id='word_1_125' title='bbox 595 683 633 705; x_wconf 88' lang='lat' dir='ltr'><strong><em>ex</em></strong></span> <span class='ocrx_word' id='word_1_126' title='bbox 653 672 739 704; x_wconf 89' lang='lat' dir='ltr'><strong><em>libris</em></strong></span> <span class='ocrx_word' id='word_1_127' title='bbox 761 673 952 711; x_wconf 81' lang='lat' dir='ltr'><strong><em>melioribus;</em></strong></span> <span class='ocrx_word' id='word_1_128' title='bbox 974 673 1004 702; x_wconf 75' lang='lat' dir='ltr'><strong><em>in</em></strong></span> <span class='ocrx_word' id='word_1_129' title='bbox 1025 672 1097 702; x_wconf 84' lang='lat' dir='ltr'><strong><em>libro</em></strong></span> <span class='ocrx_word' id='word_1_130' title='bbox 1120 672 1332 711; x_wconf 75' lang='lat' dir='ltr'><strong><em>quintodecimo.</em></strong></span> <span class='ocrx_word' id='word_1_131' title='bbox 1368 680 1460 710; x_wconf 86' lang='lat' dir='ltr'><strong><em>supra</em></strong></span> <span class='ocrx_word' id='word_1_132' title='bbox 1482 672 1624 701; x_wconf 77' lang='lat' dir='ltr'>diximus.</span> <span class='ocrx_word' id='word_1_133' title='bbox 1893 676 1908 709; x_wconf 68' lang='lat' dir='ltr'>g</span> <span class='ocrx_word' id='word_1_134' title='bbox 1931 676 1958 702; x_wconf 87' lang='lat'><strong><em>11</em></strong></span> 
     </span>
    </p>
   </div>
   <div class='ocr_carea' id='block_1_4' title="bbox 94 723 1876 936">
    <p class='ocr_par' dir='ltr' id='par_1_4' title="bbox 94 723 1876 936">
     <span class='ocr_line' id='line_1_11' title="bbox 249 723 1875 764; baseline -0.002 -8"><span class='ocrx_word' id='word_1_135' title='bbox 249 725 332 756; x_wconf 71' lang='lat' dir='ltr'><strong><em>Hunc</em></strong></span> <span class='ocrx_word' id='word_1_136' title='bbox 347 726 422 756; x_wconf 81' lang='lat' dir='ltr'><strong><em>mille</em></strong></span> <span class='ocrx_word' id='word_1_137' title='bbox 432 726 594 764; x_wconf 65' lang='lat' dir='ltr'><strong><em>passuum]</em></strong></span> <span class='ocrx_word' id='word_1_138' title='bbox 638 724 833 754; x_wconf 81' lang='lat' dir='ltr'><strong><em>Buslidianus</em></strong></span> <span class='ocrx_word' id='word_1_139' title='bbox 848 724 942 762; x_wconf 66' lang='lat' dir='ltr'><strong><em>libel-3</em></strong></span> <span class='ocrx_word' id='word_1_140' title='bbox 963 724 1015 754; x_wconf 76' lang='lat' dir='ltr'><strong><em>hoc</em></strong></span> <span class='ocrx_word' id='word_1_141' title='bbox 1031 724 1109 753; x_wconf 75' lang='lat' dir='ltr'><strong><em>mitti.</em></strong></span> <span class='ocrx_word' id='word_1_142' title='bbox 1132 726 1259 761; x_wconf 86' lang='lat' dir='ltr'><strong><em>vterque</em></strong></span> <span class='ocrx_word' id='word_1_143' title='bbox 1274 723 1412 762; x_wconf 87' lang='lat' dir='ltr'><strong><em>Puteani,</em></strong></span> <span class='ocrx_word' id='word_1_144' title='bbox 1429 723 1454 752; x_wconf 68' lang='grc' dir='ltr'><strong>ἃ</strong></span> <span class='ocrx_word' id='word_1_145' title='bbox 1469 723 1693 752; x_wconf 86' lang='lat' dir='ltr'><strong><em>vetustissimae</em></strong></span> <span class='ocrx_word' id='word_1_146' title='bbox 1710 723 1875 760; x_wconf 77' lang='lat' dir='ltr'><strong><em>editiones3</em></strong></span> 
     </span>
     <span class='ocr_line' id='line_1_12' title="bbox 97 766 1875 807; baseline -0.002 -8"><span class='ocrx_word' id='word_1_147' title='bbox 97 767 202 807; x_wconf 69' lang='lat' dir='ltr'><strong><em>milleL]</em></strong></span> <span class='ocrx_word' id='word_1_148' title='bbox 235 769 291 799; x_wconf 82' lang='lat' dir='ltr'><strong><em>sed</em></strong></span> <span class='ocrx_word' id='word_1_149' title='bbox 323 769 354 799; x_wconf 90' lang='lat' dir='ltr'><strong><em>in</em></strong></span> <span class='ocrx_word' id='word_1_150' title='bbox 387 769 541 799; x_wconf 88' lang='lat' dir='ltr'><strong><em>Macrobio</em></strong></span> <span class='ocrx_word' id='word_1_151' title='bbox 575 770 656 798; x_wconf 87' lang='lat' dir='ltr'><strong><em>recte</em></strong></span> <span class='ocrx_word' id='word_1_152' title='bbox 691 770 750 807; x_wconf 83' lang='lat' dir='ltr'><strong><em>est3</em></strong></span> <span class='ocrx_word' id='word_1_153' title='bbox 784 767 862 796; x_wconf 75' lang='lat' dir='ltr'><strong><em>milli.</em></strong></span> <span class='ocrx_word' id='word_1_154' title='bbox 898 767 980 805; x_wconf 84' lang='lat' dir='ltr'><strong><em>quod</em></strong></span> <span class='ocrx_word' id='word_1_155' title='bbox 1003 766 1028 796; x_wconf 74' lang='grc' dir='ltr'><strong><em>δι.</em></strong></span> <span class='ocrx_word' id='word_1_156' title='bbox 1051 766 1168 796; x_wconf 82' lang='lat' dir='ltr'>Gellius</span> <span class='ocrx_word' id='word_1_157' title='bbox 1192 766 1218 796; x_wconf 74' lang='grc' dir='ltr'>ἀ</span> <span class='ocrx_word' id='word_1_158' title='bbox 1240 767 1307 804; x_wconf 87' lang='lat' dir='ltr'><strong><em>ipse</em></strong></span> <span class='ocrx_word' id='word_1_159' title='bbox 1329 766 1501 796; x_wconf 77' lang='lat' dir='ltr'><strong><em>Macrobius</em></strong></span> <span class='ocrx_word' id='word_1_160' title='bbox 1525 770 1701 804; x_wconf 84' lang='lat' dir='ltr'><strong><em>agnoscunt.</em></strong></span> <span class='ocrx_word' id='word_1_161' title='bbox 1731 766 1774 795; x_wconf 87' lang='lat' dir='ltr'><strong><em>sic</em></strong></span> <span class='ocrx_word' id='word_1_162' title='bbox 1797 766 1875 795; x_wconf 84' lang='lat' dir='ltr'><strong><em>enim</em></strong></span> 
     </span>
     <span class='ocr_line' id='line_1_13' title="bbox 96 809 1876 849; baseline -0.003 -7"><span class='ocrx_word' id='word_1_163' title='bbox 96 811 244 849; x_wconf 78' lang='lat' dir='ltr'><strong><em>scribunt3</em></strong></span> <span class='ocrx_word' id='word_1_164' title='bbox 278 811 396 841; x_wconf 78' lang='lat' dir='ltr'><strong><em>ostendit</em></strong></span> <span class='ocrx_word' id='word_1_165' title='bbox 426 811 500 841; x_wconf 79' lang='lat' dir='ltr'><strong><em>mille</em></strong></span> <span class='ocrx_word' id='word_1_166' title='bbox 527 814 552 840; x_wconf 81' lang='lat' dir='ltr'><strong><em>et</em></strong></span> <span class='ocrx_word' id='word_1_167' title='bbox 584 810 750 840; x_wconf 85' lang='lat' dir='ltr'><strong><em>vocabulum</em></strong></span> <span class='ocrx_word' id='word_1_168' title='bbox 783 819 844 839; x_wconf 82' lang='lat' dir='ltr'><strong><em>esse</em></strong></span> <span class='ocrx_word' id='word_1_169' title='bbox 872 813 897 839; x_wconf 86' lang='lat' dir='ltr'><strong><em>et</em></strong></span> <span class='ocrx_word' id='word_1_170' title='bbox 918 809 1058 848; x_wconf 76' lang='lat' dir='ltr'><strong><em>sinqulari</em></strong></span> <span class='ocrx_word' id='word_1_171' title='bbox 1079 819 1195 839; x_wconf 72' lang='lat' dir='ltr'><strong><em>numero</em></strong></span> <span class='ocrx_word' id='word_1_172' title='bbox 1218 809 1284 846; x_wconf 72' lang='lat' dir='ltr'><strong><em>dici,</em></strong></span> <span class='ocrx_word' id='word_1_173' title='bbox 1316 810 1430 848; x_wconf 80' lang='lat' dir='ltr'><strong><em>eiusque</em></strong></span> <span class='ocrx_word' id='word_1_174' title='bbox 1449 809 1625 847; x_wconf 80' lang='lat' dir='ltr'><strong><em>pluratiuum</em></strong></span> <span class='ocrx_word' id='word_1_175' title='bbox 1654 818 1715 838; x_wconf 82' lang='lat' dir='ltr'><strong><em>esse</em></strong></span> <span class='ocrx_word' id='word_1_176' title='bbox 1736 809 1825 846; x_wconf 81' lang='lat' dir='ltr'><strong><em>milia,</em></strong></span> <span class='ocrx_word' id='word_1_177' title='bbox 1851 812 1876 838; x_wconf 92' lang='lat' dir='ltr'><strong><em>et</em></strong></span> 
     </span>
     <span class='ocr_line' id='line_1_14' title="bbox 97 851 1876 894; baseline -0.002 -11"><span class='ocrx_word' id='word_1_178' title='bbox 97 862 194 885; x_wconf 75' lang='lat' dir='ltr'><strong><em>eanum</em></strong></span> <span class='ocrx_word' id='word_1_179' title='bbox 227 855 309 884; x_wconf 79' lang='lat' dir='ltr'><strong><em>etiam</em></strong></span> <span class='ocrx_word' id='word_1_180' title='bbox 343 863 446 894; x_wconf 82' lang='lat' dir='ltr'><strong><em>capere</em></strong></span> <span class='ocrx_word' id='word_1_181' title='bbox 483 853 638 883; x_wconf 85' lang='lat' dir='ltr'><strong><em>ablatiuum</em></strong></span> <span class='ocrx_word' id='word_1_182' title='bbox 673 862 752 892; x_wconf 88' lang='lat' dir='ltr'><strong><em>quae</em></strong></span> <span class='ocrx_word' id='word_1_183' title='bbox 785 852 946 883; x_wconf 82' lang='lat' dir='ltr'><strong><em>manifeste</em></strong></span> <span class='ocrx_word' id='word_1_184' title='bbox 979 852 1038 882; x_wconf 85' lang='lat' dir='ltr'><strong><em>huc</em></strong></span> <span class='ocrx_word' id='word_1_185' title='bbox 1064 853 1226 890; x_wconf 81' lang='lat' dir='ltr'><strong><em>pertinent.</em></strong></span> <span class='ocrx_word' id='word_1_186' title='bbox 1257 853 1377 891; x_wconf 71' lang='lat' dir='ltr'><strong><em>passum</em></strong></span> <span class='ocrx_word' id='word_1_187' title='bbox 1399 861 1471 882; x_wconf 87' lang='lat' dir='ltr'><strong><em>vero</em></strong></span> <span class='ocrx_word' id='word_1_188' title='bbox 1495 861 1549 890; x_wconf 89' lang='lat' dir='ltr'><strong><em>pro</em></strong></span> <span class='ocrx_word' id='word_1_189' title='bbox 1568 861 1708 890; x_wconf 86' lang='lat' dir='ltr'><strong><em>passuum</em></strong></span> <span class='ocrx_word' id='word_1_190' title='bbox 1731 851 1790 881; x_wconf 91' lang='lat' dir='ltr'><strong><em>iam</em></strong></span> <span class='ocrx_word' id='word_1_191' title='bbox 1812 851 1876 880; x_wconf 88' lang='lat' dir='ltr'><strong><em>vnl-</em></strong></span> 
     </span>
     <span class='ocr_line' id='line_1_15' title="bbox 94 897 275 936; baseline 0.006 -9"><span class='ocrx_word' id='word_1_192' title='bbox 94 897 196 936; x_wconf 75' lang='lat' dir='ltr'><strong><em>gatum</em></strong></span> <span class='ocrx_word' id='word_1_193' title='bbox 219 899 275 929; x_wconf 87' lang='lat' dir='ltr'><strong><em>est.</em></strong></span> 
     </span>
    </p>
   </div>
   <div class='ocr_carea' id='block_1_5' title="bbox 248 945 1470 986">
    <p class='ocr_par' dir='ltr' id='par_1_5' title="bbox 248 945 1470 986">
     <span class='ocr_line' id='line_1_16' title="bbox 248 945 1470 986; baseline -0.003 -8"><span class='ocrx_word' id='word_1_194' title='bbox 248 947 376 986; x_wconf 56' lang='lat' dir='ltr'><strong><em>duobum]</em></strong></span> <span class='ocrx_word' id='word_1_195' title='bbox 422 948 571 986; x_wconf 83' lang='lat' dir='ltr'><strong><em>quaedam</em></strong></span> <span class='ocrx_word' id='word_1_196' title='bbox 593 948 800 985; x_wconf 55' lang='lat' dir='ltr'><strong><em>membranam</em></strong></span> <span class='ocrx_word' id='word_1_197' title='bbox 823 946 942 976; x_wconf 82' lang='lat' dir='ltr'><strong><em>duabus.</em></strong></span> <span class='ocrx_word' id='word_1_198' title='bbox 967 946 1002 985; x_wconf 69' lang='grc' dir='ltr'><strong><em>ἃ,</em></strong></span> <span class='ocrx_word' id='word_1_199' title='bbox 1026 945 1182 985; x_wconf 77' lang='lat' dir='ltr'><strong><em>Campanis</em></strong></span> <span class='ocrx_word' id='word_1_200' title='bbox 1203 955 1270 985; x_wconf 87' lang='lat' dir='ltr'><strong><em>pro,</em></strong></span> <span class='ocrx_word' id='word_1_201' title='bbox 1295 945 1470 984; x_wconf 82' lang='lat' dir='ltr'><strong><em>Campanus.</em></strong></span> 
     </span>
    </p>
   </div>
   <div class='ocr_carea' id='block_1_6' title="bbox 95 996 1878 1166">
    <p class='ocr_par' dir='ltr' id='par_1_6' title="bbox 95 996 1878 1166">
     <span class='ocr_line' id='line_1_17' title="bbox 247 996 1878 1038; baseline -0.002 -9"><span class='ocrx_word' id='word_1_202' title='bbox 247 1008 398 1029; x_wconf 78' lang='lat' dir='ltr'><strong><em>succussor</em></strong></span> <span class='ocrx_word' id='word_1_203' title='bbox 419 999 532 1038; x_wconf 58' lang='lat' dir='ltr'><strong><em>nullum]</em></strong></span> <span class='ocrx_word' id='word_1_204' title='bbox 566 999 732 1037; x_wconf 79' lang='lat' dir='ltr'><strong><em>pleraeque</em></strong></span> <span class='ocrx_word' id='word_1_205' title='bbox 755 998 920 1035; x_wconf 56' lang='lat' dir='ltr'><strong><em>editionem</em></strong></span> <span class='ocrx_word' id='word_1_206' title='bbox 949 1006 1096 1027; x_wconf 76' lang='lat' dir='ltr'><strong><em>successor</em></strong></span> <span class='ocrx_word' id='word_1_207' title='bbox 1127 997 1251 1035; x_wconf 80' lang='lat' dir='ltr'><strong><em>nultus[.]</em></strong></span> <span class='ocrx_word' id='word_1_208' title='bbox 1296 997 1487 1026; x_wconf 80' lang='lat' dir='ltr'><strong><em>membranae</em></strong></span> <span class='ocrx_word' id='word_1_209' title='bbox 1522 996 1695 1034; x_wconf 79' lang='lat' dir='ltr'><strong><em>Gellianae3</em></strong></span> <span class='ocrx_word' id='word_1_210' title='bbox 1727 1005 1878 1026; x_wconf 71' lang='lat' dir='ltr'><strong><em>succussor</em></strong></span> 
     </span>
     <span class='ocr_line' id='line_1_18' title="bbox 95 1039 1875 1080; baseline -0.001 -10"><span class='ocrx_word' id='word_1_211' title='bbox 95 1040 198 1071; x_wconf 78' lang='lat' dir='ltr'><strong><em>nullus.</em></strong></span> <span class='ocrx_word' id='word_1_212' title='bbox 241 1042 352 1080; x_wconf 83' lang='lat' dir='ltr'><strong><em>probat</em></strong></span> <span class='ocrx_word' id='word_1_213' title='bbox 373 1042 501 1080; x_wconf 87' lang='lat' dir='ltr'><strong><em>Nonius,</em></strong></span> <span class='ocrx_word' id='word_1_214' title='bbox 525 1041 594 1071; x_wconf 88' lang='lat' dir='ltr'><strong><em>dum</em></strong></span> <span class='ocrx_word' id='word_1_215' title='bbox 618 1043 660 1071; x_wconf 88' lang='lat' dir='ltr'><strong><em>ita</em></strong></span> <span class='ocrx_word' id='word_1_216' title='bbox 682 1041 787 1071; x_wconf 78' lang='lat' dir='ltr'><strong><em>scribit</em></strong></span> <span class='ocrx_word' id='word_1_217' title='bbox 810 1041 850 1079; x_wconf 90' lang='lat' dir='ltr'><strong><em>[p.</em></strong></span> <span class='ocrx_word' id='word_1_218' title='bbox 869 1041 917 1078; x_wconf 88' lang='grc'><strong><em>16,</em></strong></span> <span class='ocrx_word' id='word_1_219' title='bbox 942 1041 979 1070; x_wconf 80' lang='grc'><strong><em>27</em></strong></span> <span class='ocrx_word' id='word_1_220' title='bbox 997 1041 1063 1079; x_wconf 85' lang='lat' dir='ltr'><strong><em>M.]:</em></strong></span> <span class='ocrx_word' id='word_1_221' title='bbox 1086 1039 1260 1070; x_wconf 76' lang='lat' dir='ltr'><strong><em>Succusnare</em></strong></span> <span class='ocrx_word' id='word_1_222' title='bbox 1283 1043 1322 1069; x_wconf 79' lang='lat' dir='ltr'><strong><em>est</em></strong></span> <span class='ocrx_word' id='word_1_223' title='bbox 1343 1049 1441 1069; x_wconf 81' lang='lat' dir='ltr'><strong><em>susum</em></strong></span> <span class='ocrx_word' id='word_1_224' title='bbox 1453 1040 1620 1078; x_wconf 80' lang='lat' dir='ltr'><strong><em>frequenter</em></strong></span> <span class='ocrx_word' id='word_1_225' title='bbox 1634 1042 1772 1070; x_wconf 69' lang='lat' dir='ltr'><strong><em>excutere.</em></strong></span> <span class='ocrx_word' id='word_1_226' title='bbox 1817 1039 1875 1068; x_wconf 88' lang='lat' dir='ltr'><strong><em>Ln-</em></strong></span> 
     </span>
     <span class='ocr_line' id='line_1_19' title="bbox 96 1081 1875 1124; baseline -0.002 -10"><span class='ocrx_word' id='word_1_227' title='bbox 96 1083 193 1124; x_wconf 76' lang='lat' dir='ltr'><strong><em>cilins,</em></strong></span> <span class='ocrx_word' id='word_1_228' title='bbox 216 1082 311 1124; x_wconf 75' lang='lat' dir='ltr'><strong><em>Satyr.</em></strong></span> <span class='ocrx_word' id='word_1_229' title='bbox 333 1084 404 1114; x_wconf 77' lang='lat' dir='ltr'><strong><em>libro</em></strong></span> <span class='ocrx_word' id='word_1_230' title='bbox 427 1085 473 1114; x_wconf 86' lang='lat'><strong><em>111</em></strong></span> <span class='ocrx_word' id='word_1_231' title='bbox 496 1084 557 1123; x_wconf 89' lang='lat' dir='ltr'><strong><em>[lib.</em></strong></span> <span class='ocrx_word' id='word_1_232' title='bbox 580 1085 626 1114; x_wconf 91' lang='lat'><strong><em>111</em></strong></span> <span class='ocrx_word' id='word_1_233' title='bbox 650 1084 685 1115; x_wconf 79' lang='lat' dir='ltr'><strong><em>fr.</em></strong></span> <span class='ocrx_word' id='word_1_234' title='bbox 708 1084 807 1114; x_wconf 86' lang='lat' dir='ltr'>XXIV</span> <span class='ocrx_word' id='word_1_235' title='bbox 828 1083 867 1113; x_wconf 83' lang='lat' dir='ltr'><strong><em>M.</em></strong></span> <span class='ocrx_word' id='word_1_236' title='bbox 891 1084 944 1113; x_wconf 85' lang='lat' dir='ltr'><strong><em>lib.</em></strong></span> <span class='ocrx_word' id='word_1_237' title='bbox 967 1083 997 1112; x_wconf 94' lang='lat'><strong><em>11</em></strong></span> <span class='ocrx_word' id='word_1_238' title='bbox 1019 1093 1048 1114; x_wconf 82' lang='lat' dir='ltr'><strong><em>v.</em></strong></span> <span class='ocrx_word' id='word_1_239' title='bbox 1073 1083 1111 1112; x_wconf 79' lang='lat'><strong><em>72</em></strong></span> <span class='ocrx_word' id='word_1_240' title='bbox 1135 1082 1180 1120; x_wconf 85' lang='lat' dir='ltr'><strong><em>L.]</em></strong></span> <span class='ocrx_word' id='word_1_241' title='bbox 1219 1081 1401 1112; x_wconf 59' lang='lat' dir='ltr'><strong><em>Saccus-‘xoris</em></strong></span> <span class='ocrx_word' id='word_1_242' title='bbox 1423 1082 1499 1111; x_wconf 78' lang='lat' dir='ltr'><strong><em>tardi</em></strong></span> <span class='ocrx_word' id='word_1_243' title='bbox 1521 1083 1637 1120; x_wconf 78' lang='lat' dir='ltr'><strong><em>rarique</em></strong></span> <span class='ocrx_word' id='word_1_244' title='bbox 1659 1081 1772 1111; x_wconf 77' lang='lat' dir='ltr'><strong><em>caballi.</em></strong></span> <span class='ocrx_word' id='word_1_245' title='bbox 1795 1082 1875 1112; x_wconf 84' lang='lat' dir='ltr'><strong><em>idem</em></strong></span> 
     </span>
     <span class='ocr_line' id='line_1_20' title="bbox 95 1125 626 1166; baseline -0.002 -10"><span class='ocrx_word' id='word_1_246' title='bbox 95 1125 172 1158; x_wconf 77' lang='lat' dir='ltr'><strong><em>libro</em></strong></span> <span class='ocrx_word' id='word_1_247' title='bbox 195 1126 251 1157; x_wconf 86' lang='lat' dir='ltr'><strong><em>XV</em></strong></span> <span class='ocrx_word' id='word_1_248' title='bbox 273 1127 320 1166; x_wconf 80' lang='lat' dir='ltr'><strong><em>[i&#39;r.</em></strong></span> <span class='ocrx_word' id='word_1_249' title='bbox 342 1127 410 1159; x_wconf 81' lang='lat' dir='ltr'><strong><em>VM.</em></strong></span> <span class='ocrx_word' id='word_1_250' title='bbox 432 1137 461 1156; x_wconf 87' lang='lat' dir='ltr'><strong><em>v.</em></strong></span> <span class='ocrx_word' id='word_1_251' title='bbox 485 1127 547 1156; x_wconf 79' lang='lat'><strong><em>424</em></strong></span> <span class='ocrx_word' id='word_1_252' title='bbox 570 1127 626 1165; x_wconf 90' lang='lat' dir='ltr'><strong><em>L.].</em></strong></span> 
     </span>
    </p>
   </div>
   <div class='ocr_carea' id='block_1_7' title="bbox 95 1176 1972 1301">
    <p class='ocr_par' dir='ltr' id='par_1_7' title="bbox 95 1176 1972 1301">
     <span class='ocr_line' id='line_1_21' title="bbox 250 1176 1972 1217; baseline -0.001 -10"><span class='ocrx_word' id='word_1_253' title='bbox 250 1176 414 1217; x_wconf 77' lang='lat' dir='ltr'><strong><em>Campanus</em></strong></span> <span class='ocrx_word' id='word_1_254' title='bbox 437 1178 550 1216; x_wconf 79' lang='lat' dir='ltr'><strong><em>sonipes</em></strong></span> <span class='ocrx_word' id='word_1_255' title='bbox 572 1187 723 1207; x_wconf 84' lang='lat' dir='ltr'><strong><em>succussor</em></strong></span> <span class='ocrx_word' id='word_1_256' title='bbox 744 1177 836 1207; x_wconf 81' lang='lat' dir='ltr'><strong><em>nullus</em></strong></span> <span class='ocrx_word' id='word_1_257' title='bbox 858 1180 996 1215; x_wconf 84' lang='lat' dir='ltr'><strong><em>sequetur.</em></strong></span> <span class='ocrx_word' id='word_1_258' title='bbox 1032 1186 1087 1214; x_wconf 86' lang='lat' dir='ltr'><strong><em>ego</em></strong></span> <span class='ocrx_word' id='word_1_259' title='bbox 1111 1186 1172 1206; x_wconf 90' lang='lat' dir='ltr'><strong><em>non</em></strong></span> <span class='ocrx_word' id='word_1_260' title='bbox 1195 1177 1308 1214; x_wconf 76' lang='lat' dir='ltr'><strong><em>probo3</em></strong></span> <span class='ocrx_word' id='word_1_261' title='bbox 1332 1177 1357 1206; x_wconf 69' lang='grc' dir='ltr'>ἀ</span> <span class='ocrx_word' id='word_1_262' title='bbox 1378 1176 1529 1214; x_wconf 84' lang='lat' dir='ltr'><strong><em>pudenter</em></strong></span> <span class='ocrx_word' id='word_1_263' title='bbox 1551 1179 1611 1206; x_wconf 83' lang='lat' dir='ltr'><strong><em>tam</em></strong></span> <span class='ocrx_word' id='word_1_264' title='bbox 1637 1177 1875 1206; x_wconf 72' lang='lat' dir='ltr'><strong><em>membranarum</em></strong></span> <span class='ocrx_word' id='word_1_265' title='bbox 1895 1185 1922 1211; x_wconf 88' lang='lat' dir='ltr'><strong><em>p.</em></strong></span> <span class='ocrx_word' id='word_1_266' title='bbox 1941 1178 1972 1204; x_wconf 85' lang='lat'><strong><em>81</em></strong></span> 
     </span>
     <span class='ocr_line' id='line_1_22' title="bbox 95 1219 1874 1260; baseline -0.001 -10"><span class='ocrx_word' id='word_1_267' title='bbox 95 1220 223 1260; x_wconf 82' lang='lat' dir='ltr'><strong><em>illarum,</em></strong></span> <span class='ocrx_word' id='word_1_268' title='bbox 248 1229 324 1258; x_wconf 86' lang='lat' dir='ltr'><strong><em>quas</em></strong></span> <span class='ocrx_word' id='word_1_269' title='bbox 347 1221 496 1257; x_wconf 82' lang='lat' dir='ltr'><strong><em>prioribus</em></strong></span> <span class='ocrx_word' id='word_1_270' title='bbox 518 1221 566 1250; x_wconf 90' lang='lat' dir='ltr'><strong><em>his</em></strong></span> <span class='ocrx_word' id='word_1_271' title='bbox 588 1220 672 1250; x_wconf 90' lang='lat' dir='ltr'><strong><em>libris</em></strong></span> <span class='ocrx_word' id='word_1_272' title='bbox 694 1229 756 1250; x_wconf 91' lang='lat' dir='ltr'><strong><em>non</em></strong></span> <span class='ocrx_word' id='word_1_273' title='bbox 780 1220 959 1250; x_wconf 84' lang='lat' dir='ltr'><strong><em>omnimodis</em></strong></span> <span class='ocrx_word' id='word_1_274' title='bbox 981 1220 1078 1249; x_wconf 89' lang='lat' dir='ltr'><strong><em>bonas</em></strong></span> <span class='ocrx_word' id='word_1_275' title='bbox 1101 1228 1170 1249; x_wconf 87' lang='lat' dir='ltr'><strong><em>esse</em></strong></span> <span class='ocrx_word' id='word_1_276' title='bbox 1194 1228 1288 1258; x_wconf 84' lang='lat' dir='ltr'><strong><em>saepe</em></strong></span> <span class='ocrx_word' id='word_1_277' title='bbox 1310 1219 1422 1259; x_wconf 89' lang='lat' dir='ltr'><strong><em>monui,</em></strong></span> <span class='ocrx_word' id='word_1_278' title='bbox 1447 1228 1536 1257; x_wconf 90' lang='lat' dir='ltr'><strong><em>quam</em></strong></span> <span class='ocrx_word' id='word_1_279' title='bbox 1551 1220 1644 1248; x_wconf 86' lang='lat' dir='ltr'><strong><em>Nonii</em></strong></span> <span class='ocrx_word' id='word_1_280' title='bbox 1667 1220 1874 1250; x_wconf 87' lang='lat' dir='ltr'><strong><em>auctoritatem</em></strong></span> 
     </span>
     <span class='ocr_line' id='line_1_23' title="bbox 96 1262 1250 1301; baseline -0.001 -9"><span class='ocrx_word' id='word_1_281' title='bbox 96 1262 210 1294; x_wconf 86' lang='lat' dir='ltr'><strong><em>reiicio.</em></strong></span> <span class='ocrx_word' id='word_1_282' title='bbox 243 1265 325 1293; x_wconf 87' lang='lat' dir='ltr'><strong><em>reete</em></strong></span> <span class='ocrx_word' id='word_1_283' title='bbox 347 1263 520 1294; x_wconf 79' lang='lat' dir='ltr'><strong><em>Macrobius</em></strong></span> <span class='ocrx_word' id='word_1_284' title='bbox 542 1263 574 1293; x_wconf 89' lang='lat' dir='ltr'><strong><em>in</em></strong></span> <span class='ocrx_word' id='word_1_285' title='bbox 598 1263 717 1301; x_wconf 89' lang='lat' dir='ltr'><strong><em>optimis</em></strong></span> <span class='ocrx_word' id='word_1_286' title='bbox 740 1263 829 1293; x_wconf 87' lang='lat' dir='ltr'><strong><em>etiam</em></strong></span> <span class='ocrx_word' id='word_1_287' title='bbox 853 1263 938 1293; x_wconf 92' lang='lat' dir='ltr'><strong><em>libris</em></strong></span> <span class='ocrx_word' id='word_1_288' title='bbox 963 1263 1078 1292; x_wconf 83' lang='lat' dir='ltr'><strong><em>calamo</em></strong></span> <span class='ocrx_word' id='word_1_289' title='bbox 1103 1263 1250 1300; x_wconf 80' lang='lat' dir='ltr'><strong><em>exaratis;</em></strong></span> 
     </span>
    </p>
   </div>
   <div class='ocr_carea' id='block_1_8' title="bbox 1244 1313 1671 1352">
    <p class='ocr_par' dir='ltr' id='par_1_8' title="bbox 1244 1313 1671 1352">
     <span class='ocr_line' id='line_1_24' title="bbox 1244 1313 1671 1352; baseline 0.002 -10"><span class='ocrx_word' id='word_1_290' title='bbox 1244 1313 1398 1343; x_wconf 82' lang='lat' dir='ltr'><strong><em>subcursor</em></strong></span> <span class='ocrx_word' id='word_1_291' title='bbox 1419 1313 1510 1343; x_wconf 78' lang='lat' dir='ltr'><strong><em>nullus</em></strong></span> <span class='ocrx_word' id='word_1_292' title='bbox 1532 1316 1671 1352; x_wconf 77' lang='lat' dir='ltr'><strong><em>sequetur.</em></strong></span> 
     </span>
    </p>
   </div>
   <div class='ocr_carea' id='block_1_9' title="bbox 96 1365 1877 2004">
    <p class='ocr_par' dir='ltr' id='par_1_9' title="bbox 96 1365 1877 2004">
     <span class='ocr_line' id='line_1_25' title="bbox 98 1365 1877 1405; baseline -0.001 -10"><span class='ocrx_word' id='word_1_293' title='bbox 98 1365 134 1404; x_wconf 87' lang='lat' dir='ltr'><strong><em>si,</em></strong></span> <span class='ocrx_word' id='word_1_294' title='bbox 156 1365 266 1405; x_wconf 87' lang='lat' dir='ltr'><strong><em>inquit,</em></strong></span> <span class='ocrx_word' id='word_1_295' title='bbox 289 1366 346 1396; x_wconf 84' lang='lat' dir='ltr'><strong><em>erit</em></strong></span> <span class='ocrx_word' id='word_1_296' title='bbox 368 1366 421 1404; x_wconf 89' lang='lat' dir='ltr'><strong><em>qui</em></strong></span> <span class='ocrx_word' id='word_1_297' title='bbox 442 1366 522 1396; x_wconf 86' lang='lat' dir='ltr'><strong><em>hune</em></strong></span> <span class='ocrx_word' id='word_1_298' title='bbox 545 1375 656 1404; x_wconf 87' lang='lat' dir='ltr'><strong><em>equum</em></strong></span> <span class='ocrx_word' id='word_1_299' title='bbox 678 1365 775 1395; x_wconf 89' lang='lat' dir='ltr'><strong><em>tribus</em></strong></span> <span class='ocrx_word' id='word_1_300' title='bbox 808 1365 930 1395; x_wconf 88' lang='lat' dir='ltr'><strong><em>milibus</em></strong></span> <span class='ocrx_word' id='word_1_301' title='bbox 952 1373 1097 1404; x_wconf 83' lang='lat' dir='ltr'><strong><em>passuum</em></strong></span> <span class='ocrx_word' id='word_1_302' title='bbox 1118 1365 1239 1395; x_wconf 82' lang='lat' dir='ltr'><strong><em>vicerit:</em></strong></span> <span class='ocrx_word' id='word_1_303' title='bbox 1274 1365 1374 1394; x_wconf 82' lang='lat' dir='ltr'><strong><em>nullus</em></strong></span> <span class='ocrx_word' id='word_1_304' title='bbox 1408 1365 1571 1394; x_wconf 86' lang='lat' dir='ltr'><strong><em>subeursor</em></strong></span> <span class='ocrx_word' id='word_1_305' title='bbox 1604 1373 1670 1394; x_wconf 87' lang='lat' dir='ltr'><strong><em>eum</em></strong></span> <span class='ocrx_word' id='word_1_306' title='bbox 1693 1367 1877 1402; x_wconf 85' lang='lat' dir='ltr'><strong><em>assequetur</em></strong></span> 
     </span>
     <span class='ocr_line' id='line_1_26' title="bbox 96 1407 1874 1447; baseline -0.001 -9"><span class='ocrx_word' id='word_1_307' title='bbox 96 1407 209 1438; x_wconf 85' lang='lat' dir='ltr'><strong><em>maiore</em></strong></span> <span class='ocrx_word' id='word_1_308' title='bbox 234 1409 349 1447; x_wconf 85' lang='lat' dir='ltr'><strong><em>spacio.</em></strong></span> <span class='ocrx_word' id='word_1_309' title='bbox 384 1409 439 1439; x_wconf 83' lang='lat' dir='ltr'><strong><em>sed</em></strong></span> <span class='ocrx_word' id='word_1_310' title='bbox 460 1409 613 1438; x_wconf 84' lang='lat' dir='ltr'><strong><em>videbitur</em></strong></span> <span class='ocrx_word' id='word_1_311' title='bbox 635 1409 774 1438; x_wconf 87' lang='lat' dir='ltr'><strong><em>diuersus</em></strong></span> <span class='ocrx_word' id='word_1_312' title='bbox 796 1408 850 1437; x_wconf 91' lang='lat' dir='ltr'><strong><em>ire.</em></strong></span> <span class='ocrx_word' id='word_1_313' title='bbox 885 1417 1045 1445; x_wconf 81' lang='lat' dir='ltr'><strong><em>suecursor,</em></strong></span> <span class='ocrx_word' id='word_1_314' title='bbox 1068 1408 1112 1437; x_wconf 86' lang='lat' dir='ltr'><strong><em>vti</em></strong></span> <span class='ocrx_word' id='word_1_315' title='bbox 1135 1408 1317 1446; x_wconf 86' lang='lat' dir='ltr'><strong><em>scribebant,</em></strong></span> <span class='ocrx_word' id='word_1_316' title='bbox 1352 1408 1418 1437; x_wconf 86' lang='lat' dir='ltr'><strong><em>siue</em></strong></span> <span class='ocrx_word' id='word_1_317' title='bbox 1451 1407 1604 1437; x_wconf 64' lang='grc' dir='ltr'><strong><em>σώσω-εον</em></strong></span> <span class='ocrx_word' id='word_1_318' title='bbox 1638 1407 1726 1437; x_wconf 79' lang='lat' dir='ltr'><strong><em>facile</em></strong></span> <span class='ocrx_word' id='word_1_319' title='bbox 1760 1408 1790 1436; x_wconf 91' lang='lat' dir='ltr'><strong><em>in</em></strong></span> <span class='ocrx_word' id='word_1_320' title='bbox 1813 1416 1874 1436; x_wconf 81' lang='lat' dir='ltr'><strong><em>suc-</em></strong></span> 
     </span>
     <span class='ocr_line' id='line_1_27' title="bbox 98 1450 1874 1490; baseline -0.001 -10"><span class='ocrx_word' id='word_1_321' title='bbox 98 1459 207 1488; x_wconf 72' lang='lat' dir='ltr'><strong><em>cussor,</em></strong></span> <span class='ocrx_word' id='word_1_322' title='bbox 227 1450 253 1481; x_wconf 73' lang='grc' dir='ltr'><strong><em>ἃ,</em></strong></span> <span class='ocrx_word' id='word_1_323' title='bbox 269 1451 328 1481; x_wconf 87' lang='lat' dir='ltr'><strong><em>hoc</em></strong></span> <span class='ocrx_word' id='word_1_324' title='bbox 344 1452 376 1482; x_wconf 90' lang='lat' dir='ltr'><strong><em>in</em></strong></span> <span class='ocrx_word' id='word_1_325' title='bbox 395 1461 542 1482; x_wconf 80' lang='lat' dir='ltr'><strong><em>successor</em></strong></span> <span class='ocrx_word' id='word_1_326' title='bbox 557 1452 656 1490; x_wconf 87' lang='lat' dir='ltr'><strong><em>potuit</em></strong></span> <span class='ocrx_word' id='word_1_327' title='bbox 672 1451 789 1481; x_wconf 84' lang='lat' dir='ltr'><strong><em>mutari.</em></strong></span> <span class='ocrx_word' id='word_1_328' title='bbox 816 1451 941 1489; x_wconf 87' lang='lat' dir='ltr'><strong><em>pulchre</em></strong></span> <span class='ocrx_word' id='word_1_329' title='bbox 962 1450 1159 1481; x_wconf 84' lang='lat' dir='ltr'><strong><em>subeursorem</em></strong></span> <span class='ocrx_word' id='word_1_330' title='bbox 1178 1453 1269 1481; x_wconf 83' lang='lat' dir='ltr'><strong><em>vocat</em></strong></span> <span class='ocrx_word' id='word_1_331' title='bbox 1287 1451 1339 1488; x_wconf 91' lang='lat' dir='ltr'><strong><em>qui</em></strong></span> <span class='ocrx_word' id='word_1_332' title='bbox 1355 1453 1427 1489; x_wconf 89' lang='lat' dir='ltr'><strong><em>post</em></strong></span> <span class='ocrx_word' id='word_1_333' title='bbox 1445 1459 1554 1488; x_wconf 87' lang='lat' dir='ltr'><strong><em>equum</em></strong></span> <span class='ocrx_word' id='word_1_334' title='bbox 1567 1459 1656 1480; x_wconf 91' lang='lat' dir='ltr'><strong><em>vnum</em></strong></span> <span class='ocrx_word' id='word_1_335' title='bbox 1676 1451 1692 1479; x_wconf 76' lang='lat' dir='ltr'><strong><em>e</em></strong></span> <span class='ocrx_word' id='word_1_336' title='bbox 1704 1450 1874 1480; x_wconf 83' lang='lat' dir='ltr'><strong><em>carceribus</em></strong></span> 
     </span>
     <span class='ocr_line' id='line_1_28' title="bbox 100 1493 1874 1533; baseline -0.001 -10"><span class='ocrx_word' id='word_1_337' title='bbox 100 1493 242 1524; x_wconf 84' lang='lat' dir='ltr'><strong><em>emissum</em></strong></span> <span class='ocrx_word' id='word_1_338' title='bbox 259 1494 412 1532; x_wconf 86' lang='lat' dir='ltr'><strong><em>posterius</em></strong></span> <span class='ocrx_word' id='word_1_339' title='bbox 431 1495 584 1525; x_wconf 84' lang='lat' dir='ltr'><strong><em>emittitur.</em></strong></span> <span class='ocrx_word' id='word_1_340' title='bbox 608 1493 860 1532; x_wconf 84' lang='lat' dir='ltr'><strong><em>quemadmodum</em></strong></span> <span class='ocrx_word' id='word_1_341' title='bbox 877 1494 956 1524; x_wconf 90' lang='lat' dir='ltr'><strong><em>enim</em></strong></span> <span class='ocrx_word' id='word_1_342' title='bbox 968 1493 1088 1533; x_wconf 76' lang='lat' dir='ltr'><strong><em>subdiya</em></strong></span> <span class='ocrx_word' id='word_1_343' title='bbox 1099 1494 1216 1523; x_wconf 88' lang='lat' dir='ltr'><strong><em>Latinis</em></strong></span> <span class='ocrx_word' id='word_1_344' title='bbox 1233 1494 1341 1523; x_wconf 88' lang='lat' dir='ltr'><strong><em>dicitur</em></strong></span> <span class='ocrx_word' id='word_1_345' title='bbox 1353 1494 1405 1531; x_wconf 89' lang='lat' dir='ltr'><strong><em>qui</em></strong></span> <span class='ocrx_word' id='word_1_346' title='bbox 1417 1497 1487 1532; x_wconf 86' lang='lat' dir='ltr'><strong><em>post</em></strong></span> <span class='ocrx_word' id='word_1_347' title='bbox 1499 1494 1589 1523; x_wconf 85' lang='lat' dir='ltr'><strong><em>alium</em></strong></span> <span class='ocrx_word' id='word_1_348' title='bbox 1603 1493 1712 1522; x_wconf 81' lang='lat' dir='ltr'><strong><em>dicit&amp;</em></strong></span> <span class='ocrx_word' id='word_1_349' title='bbox 1725 1493 1874 1523; x_wconf 86' lang='lat' dir='ltr'><strong><em>secundas</em></strong></span> 
     </span>
     <span class='ocr_line' id='line_1_29' title="bbox 98 1536 1873 1577; baseline -0.001 -11"><span class='ocrx_word' id='word_1_350' title='bbox 98 1536 175 1575; x_wconf 84' lang='lat' dir='ltr'><strong><em>agit:</em></strong></span> <span class='ocrx_word' id='word_1_351' title='bbox 198 1537 243 1566; x_wconf 91' lang='lat' dir='ltr'><strong><em>ita</em></strong></span> <span class='ocrx_word' id='word_1_352' title='bbox 265 1537 290 1566; x_wconf 76' lang='grc' dir='ltr'><strong><em>ὅτ.</em></strong></span> <span class='ocrx_word' id='word_1_353' title='bbox 311 1536 474 1574; x_wconf 79' lang='lat' dir='ltr'><strong><em>subeursor,</em></strong></span> <span class='ocrx_word' id='word_1_354' title='bbox 499 1537 561 1577; x_wconf 87' lang='lat' dir='ltr'><strong><em>qui,</em></strong></span> <span class='ocrx_word' id='word_1_355' title='bbox 590 1538 686 1567; x_wconf 89' lang='lat' dir='ltr'><strong><em>altero</em></strong></span> <span class='ocrx_word' id='word_1_356' title='bbox 709 1537 768 1566; x_wconf 88' lang='lat' dir='ltr'><strong><em>iam</em></strong></span> <span class='ocrx_word' id='word_1_357' title='bbox 792 1545 870 1574; x_wconf 85' lang='lat' dir='ltr'><strong><em>equo</em></strong></span> <span class='ocrx_word' id='word_1_358' title='bbox 894 1539 1042 1574; x_wconf 87' lang='lat' dir='ltr'><strong><em>currente,</em></strong></span> <span class='ocrx_word' id='word_1_359' title='bbox 1064 1537 1216 1575; x_wconf 84' lang='lat' dir='ltr'><strong><em>posterius</em></strong></span> <span class='ocrx_word' id='word_1_360' title='bbox 1238 1537 1338 1567; x_wconf 85' lang='lat' dir='ltr'><strong><em>currit.</em></strong></span> <span class='ocrx_word' id='word_1_361' title='bbox 1371 1537 1489 1574; x_wconf 88' lang='lat' dir='ltr'><strong><em>Nequis</em></strong></span> <span class='ocrx_word' id='word_1_362' title='bbox 1511 1545 1584 1566; x_wconf 84' lang='lat' dir='ltr'><strong><em>vero</em></strong></span> <span class='ocrx_word' id='word_1_363' title='bbox 1607 1537 1796 1566; x_wconf 86' lang='lat' dir='ltr'><strong><em>membranas</em></strong></span> <span class='ocrx_word' id='word_1_364' title='bbox 1819 1545 1873 1574; x_wconf 91' lang='lat' dir='ltr'><strong><em>op-</em></strong></span> 
     </span>
     <span class='ocr_line' id='line_1_30' title="bbox 98 1578 1874 1618; baseline -0.001 -8"><span class='ocrx_word' id='word_1_365' title='bbox 98 1578 186 1614; x_wconf 79' lang='lat' dir='ltr'><strong><em>timas</em></strong></span> <span class='ocrx_word' id='word_1_366' title='bbox 210 1582 262 1610; x_wconf 86' lang='lat' dir='ltr'><strong><em>aut</em></strong></span> <span class='ocrx_word' id='word_1_367' title='bbox 283 1589 388 1610; x_wconf 84' lang='lat' dir='ltr'><strong><em>vocem</em></strong></span> <span class='ocrx_word' id='word_1_368' title='bbox 411 1589 521 1610; x_wconf 88' lang='lat' dir='ltr'><strong><em>nouam</em></strong></span> <span class='ocrx_word' id='word_1_369' title='bbox 545 1581 604 1610; x_wconf 86' lang='lat' dir='ltr'><strong><em>iam</em></strong></span> <span class='ocrx_word' id='word_1_370' title='bbox 627 1580 754 1618; x_wconf 89' lang='lat' dir='ltr'><strong><em>primum</em></strong></span> <span class='ocrx_word' id='word_1_371' title='bbox 776 1579 806 1609; x_wconf 93' lang='lat' dir='ltr'><strong><em>in</em></strong></span> <span class='ocrx_word' id='word_1_372' title='bbox 828 1579 947 1609; x_wconf 84' lang='lat' dir='ltr'><strong><em>Latium</em></strong></span> <span class='ocrx_word' id='word_1_373' title='bbox 969 1579 1143 1618; x_wconf 88' lang='lat' dir='ltr'><strong><em>postlimino</em></strong></span> <span class='ocrx_word' id='word_1_374' title='bbox 1168 1579 1230 1618; x_wconf 85' lang='lat' dir='ltr'><strong><em>[sie]</em></strong></span> <span class='ocrx_word' id='word_1_375' title='bbox 1255 1581 1273 1609; x_wconf 76' lang='grc' dir='ltr'><strong><em>ὲ.</em></strong></span> <span class='ocrx_word' id='word_1_376' title='bbox 1295 1588 1342 1609; x_wconf 86' lang='lat' dir='ltr'><strong><em>me</em></strong></span> <span class='ocrx_word' id='word_1_377' title='bbox 1365 1582 1537 1609; x_wconf 83' lang='lat' dir='ltr'><strong><em>reuocatam</em></strong></span> <span class='ocrx_word' id='word_1_378' title='bbox 1558 1579 1596 1608; x_wconf 88' lang='lat' dir='ltr'><strong><em>de</em></strong></span> <span class='ocrx_word' id='word_1_379' title='bbox 1618 1579 1696 1608; x_wconf 80' lang='lat' dir='ltr'><strong><em>salso</em></strong></span> <span class='ocrx_word' id='word_1_380' title='bbox 1712 1579 1874 1617; x_wconf 84' lang='lat' dir='ltr'><strong><em>suspiciat:</em></strong></span> 
     </span>
     <span class='ocr_line' id='line_1_31' title="bbox 97 1619 1874 1663; baseline 0 -11"><span class='ocrx_word' id='word_1_381' title='bbox 97 1622 201 1652; x_wconf 85' lang='lat' dir='ltr'><strong><em>videat</em></strong></span> <span class='ocrx_word' id='word_1_382' title='bbox 217 1623 290 1661; x_wconf 87' lang='lat' dir='ltr'><strong><em>quid</em></strong></span> <span class='ocrx_word' id='word_1_383' title='bbox 304 1622 513 1653; x_wconf 86' lang='lat' dir='ltr'><strong><em>laudatissima</em></strong></span> <span class='ocrx_word' id='word_1_384' title='bbox 527 1623 580 1653; x_wconf 87' lang='lat' dir='ltr'><strong><em>illa</em></strong></span> <span class='ocrx_word' id='word_1_385' title='bbox 596 1623 756 1654; x_wconf 86' lang='lat' dir='ltr'><strong><em>Cotidiana</em></strong></span> <span class='ocrx_word' id='word_1_386' title='bbox 771 1622 872 1652; x_wconf 85' lang='lat' dir='ltr'><strong><em>dicant</em></strong></span> <span class='ocrx_word' id='word_1_387' title='bbox 886 1623 1044 1661; x_wconf 87' lang='lat' dir='ltr'><strong><em>glossaria,</em></strong></span> <span class='ocrx_word' id='word_1_388' title='bbox 1060 1619 1235 1663; x_wconf 73' lang='grc' dir='ltr'>ὑπο-τρέχω,</span> <span class='ocrx_word' id='word_1_389' title='bbox 1255 1622 1348 1661; x_wconf 86' lang='lat' dir='ltr'><strong><em>aiunt,</em></strong></span> <span class='ocrx_word' id='word_1_390' title='bbox 1367 1622 1505 1652; x_wconf 81' lang='lat' dir='ltr'><strong><em>subcurro</em></strong></span> <span class='ocrx_word' id='word_1_391' title='bbox 1530 1622 1569 1660; x_wconf 87' lang='lat' dir='ltr'><strong><em>[p.</em></strong></span> <span class='ocrx_word' id='word_1_392' title='bbox 1593 1622 1664 1651; x_wconf 77' lang='lat' dir='ltr'><strong><em>196c</em></strong></span> <span class='ocrx_word' id='word_1_393' title='bbox 1684 1631 1733 1660; x_wconf 84' lang='lat' dir='ltr'><strong><em>ap.</em></strong></span> <span class='ocrx_word' id='word_1_394' title='bbox 1755 1622 1874 1659; x_wconf 88' lang='lat' dir='ltr'><strong><em>Labb.].</em></strong></span> 
     </span>
     <span class='ocr_line' id='line_1_32' title="bbox 96 1661 1874 1738; baseline -0.001 -42"><span class='ocrx_word' id='word_1_395' title='bbox 96 1665 132 1705; x_wconf 67' lang='grc' dir='ltr'><strong><em>ἃ,</em></strong></span> <span class='ocrx_word' id='word_1_396' title='bbox 161 1661 324 1738; x_wconf 54' lang='grc' dir='ltr'><strong><em>ὑποδιξομὴ</em></strong></span> <span class='ocrx_word' id='word_1_397' title='bbox 353 1665 500 1696; x_wconf 81' lang='lat' dir='ltr'><strong><em>subeursio</em></strong></span> <span class='ocrx_word' id='word_1_398' title='bbox 530 1666 580 1705; x_wconf 90' lang='lat' dir='ltr'><strong><em>[ib.</em></strong></span> <span class='ocrx_word' id='word_1_399' title='bbox 608 1675 639 1704; x_wconf 90' lang='lat' dir='ltr'><strong><em>p.</em></strong></span> <span class='ocrx_word' id='word_1_400' title='bbox 666 1666 772 1704; x_wconf 53' lang='lat'><strong>195⁸}</strong></span> <span class='ocrx_word' id='word_1_401' title='bbox 805 1674 904 1703; x_wconf 89' lang='lat' dir='ltr'><strong><em>neque</em></strong></span> <span class='ocrx_word' id='word_1_402' title='bbox 928 1666 1017 1695; x_wconf 85' lang='lat' dir='ltr'><strong><em>aliam</em></strong></span> <span class='ocrx_word' id='word_1_403' title='bbox 1039 1666 1122 1704; x_wconf 83' lang='lat' dir='ltr'><strong><em>apud</em></strong></span> <span class='ocrx_word' id='word_1_404' title='bbox 1142 1665 1268 1695; x_wconf 87' lang='lat' dir='ltr'><strong><em>Latinos</em></strong></span> <span class='ocrx_word' id='word_1_405' title='bbox 1291 1674 1396 1695; x_wconf 86' lang='lat' dir='ltr'><strong><em>vocem</em></strong></span> <span class='ocrx_word' id='word_1_406' title='bbox 1418 1668 1530 1694; x_wconf 87' lang='lat' dir='ltr'><strong><em>temere</em></strong></span> <span class='ocrx_word' id='word_1_407' title='bbox 1546 1665 1683 1695; x_wconf 87' lang='lat' dir='ltr'><strong><em>inuenias</em></strong></span> <span class='ocrx_word' id='word_1_408' title='bbox 1706 1674 1766 1702; x_wconf 90' lang='lat' dir='ltr'><strong><em>qua</em></strong></span> <span class='ocrx_word' id='word_1_409' title='bbox 1781 1665 1874 1694; x_wconf 85' lang='lat' dir='ltr'><strong><em>Grae-</em></strong></span> 
     </span>
     <span class='ocr_line' id='line_1_33' title="bbox 99 1703 1874 1750; baseline 0 -12"><span class='ocrx_word' id='word_1_410' title='bbox 99 1717 202 1738; x_wconf 88' lang='lat' dir='ltr'><strong><em>corum</em></strong></span> <span class='ocrx_word' id='word_1_411' title='bbox 253 1711 417 1750; x_wconf 86' lang='grc' dir='ltr'>ποτρεχεῖν</span> <span class='ocrx_word' id='word_1_412' title='bbox 447 1708 510 1747; x_wconf 87' lang='lat' dir='ltr'><strong><em>[sic]</em></strong></span> <span class='ocrx_word' id='word_1_413' title='bbox 550 1712 602 1739; x_wconf 82' lang='lat' dir='ltr'><strong><em>aut</em></strong></span> <span class='ocrx_word' id='word_1_414' title='bbox 634 1703 822 1749; x_wconf 79' lang='grc' dir='ltr'>ὑποδραμεῖν</span> <span class='ocrx_word' id='word_1_415' title='bbox 849 1709 1066 1747; x_wconf 87' lang='lat' dir='ltr'><strong><em>interpreteris,</em></strong></span> <span class='ocrx_word' id='word_1_416' title='bbox 1099 1717 1188 1746; x_wconf 90' lang='lat' dir='ltr'><strong><em>quam</em></strong></span> <span class='ocrx_word' id='word_1_417' title='bbox 1222 1708 1248 1738; x_wconf 92' lang='lat' dir='ltr'><strong><em>si</em></strong></span> <span class='ocrx_word' id='word_1_418' title='bbox 1277 1708 1361 1738; x_wconf 84' lang='lat' dir='ltr'><strong><em>dicas</em></strong></span> <span class='ocrx_word' id='word_1_419' title='bbox 1388 1707 1565 1738; x_wconf 84' lang='lat' dir='ltr'><strong><em>subcurrere.</em></strong></span> <span class='ocrx_word' id='word_1_420' title='bbox 1600 1709 1656 1737; x_wconf 87' lang='lat' dir='ltr'><strong><em>etsi</em></strong></span> <span class='ocrx_word' id='word_1_421' title='bbox 1684 1703 1874 1749; x_wconf 80' lang='grc' dir='ltr'>ὑποδραμεῖν</span> 
     </span>
     <span class='ocr_line' id='line_1_34' title="bbox 98 1746 1873 1790; baseline -0.001 -9"><span class='ocrx_word' id='word_1_422' title='bbox 98 1751 262 1789; x_wconf 81' lang='lat' dir='ltr'><strong><em>aliquando</em></strong></span> <span class='ocrx_word' id='word_1_423' title='bbox 291 1752 420 1790; x_wconf 86' lang='lat' dir='ltr'><strong><em>amplius</em></strong></span> <span class='ocrx_word' id='word_1_424' title='bbox 447 1746 563 1789; x_wconf 80' lang='lat' dir='ltr'><strong><em>aliquid</em></strong></span> <span class='ocrx_word' id='word_1_425' title='bbox 586 1751 668 1790; x_wconf 89' lang='lat' dir='ltr'><strong><em>apud</em></strong></span> <span class='ocrx_word' id='word_1_426' title='bbox 691 1761 745 1781; x_wconf 92' lang='lat' dir='ltr'><strong><em>eos</em></strong></span> <span class='ocrx_word' id='word_1_427' title='bbox 768 1753 870 1789; x_wconf 80' lang='lat' dir='ltr'><strong><em>sonat;</em></strong></span> <span class='ocrx_word' id='word_1_428' title='bbox 902 1754 935 1781; x_wconf 81' lang='lat' dir='ltr'><strong><em>vt</em></strong></span> <span class='ocrx_word' id='word_1_429' title='bbox 968 1751 1007 1780; x_wconf 80' lang='lat' dir='ltr'><strong><em>sit</em></strong></span> <span class='ocrx_word' id='word_1_430' title='bbox 1035 1751 1060 1781; x_wconf 70' lang='grc' dir='ltr'>ἀ</span> <span class='ocrx_word' id='word_1_431' title='bbox 1092 1750 1260 1780; x_wconf 85' lang='lat' dir='ltr'><strong><em>subcurrere</em></strong></span> <span class='ocrx_word' id='word_1_432' title='bbox 1290 1750 1314 1780; x_wconf 67' lang='grc' dir='ltr'><strong><em>ἃ.</em></strong></span> <span class='ocrx_word' id='word_1_433' title='bbox 1337 1750 1528 1780; x_wconf 80' lang='lat' dir='ltr'><strong><em>subcurrendo</em></strong></span> <span class='ocrx_word' id='word_1_434' title='bbox 1562 1752 1677 1789; x_wconf 76' lang='lat' dir='ltr'><strong><em>assequi</em></strong></span> <span class='ocrx_word' id='word_1_435' title='bbox 1708 1751 1768 1780; x_wconf 84' lang='lat' dir='ltr'><strong><em>siue</em></strong></span> <span class='ocrx_word' id='word_1_436' title='bbox 1801 1761 1873 1780; x_wconf 85' lang='lat' dir='ltr'><strong><em>com-</em></strong></span> 
     </span>
     <span class='ocr_line' id='line_1_35' title="bbox 96 1791 1873 1834; baseline 0.001 -11"><span class='ocrx_word' id='word_1_437' title='bbox 96 1794 282 1834; x_wconf 74' lang='lat' dir='ltr'><strong><em>prehendere,</em></strong></span> <span class='ocrx_word' id='word_1_438' title='bbox 305 1796 338 1824; x_wconf 84' lang='lat' dir='ltr'><strong><em>vt</em></strong></span> <span class='ocrx_word' id='word_1_439' title='bbox 361 1796 408 1824; x_wconf 89' lang='lat' dir='ltr'><strong><em>est</em></strong></span> <span class='ocrx_word' id='word_1_440' title='bbox 429 1794 511 1833; x_wconf 85' lang='lat' dir='ltr'><strong><em>apud</em></strong></span> <span class='ocrx_word' id='word_1_441' title='bbox 533 1794 763 1833; x_wconf 85' lang='lat' dir='ltr'><strong><em>Xenophontem</em></strong></span> <span class='ocrx_word' id='word_1_442' title='bbox 786 1794 918 1824; x_wconf 82' lang='lat' dir='ltr'><strong><em>Paediae</em></strong></span> <span class='ocrx_word' id='word_1_443' title='bbox 942 1793 1012 1832; x_wconf 88' lang='lat' dir='ltr'><strong><em>Cyri</em></strong></span> <span class='ocrx_word' id='word_1_444' title='bbox 1039 1794 1135 1832; x_wconf 87' lang='lat' dir='ltr'><strong><em>primo</em></strong></span> <span class='ocrx_word' id='word_1_445' title='bbox 1166 1794 1202 1832; x_wconf 88' lang='lat' dir='ltr'><strong><em>[c.</em></strong></span> <span class='ocrx_word' id='word_1_446' title='bbox 1233 1794 1249 1822; x_wconf 81' lang='lat'><strong>2</strong></span> <span class='ocrx_word' id='word_1_447' title='bbox 1279 1793 1298 1833; x_wconf 66' lang='grc' dir='ltr'>ξ</span> <span class='ocrx_word' id='word_1_448' title='bbox 1331 1793 1393 1832; x_wconf 76' lang='lat'>12]:</span> <span class='ocrx_word' id='word_1_449' title='bbox 1427 1791 1624 1833; x_wconf 79' lang='grc' dir='ltr'>κακούργους</span> <span class='ocrx_word' id='word_1_450' title='bbox 1656 1792 1819 1834; x_wconf 74' lang='grc' dir='ltr'>ἐρευνῆσαι</span> <span class='ocrx_word' id='word_1_451' title='bbox 1852 1792 1873 1834; x_wconf 79' lang='grc' dir='ltr'>ἠ</span> 
     </span>
     <span class='ocr_line' id='line_1_36' title="bbox 99 1833 1872 1878; baseline -0.001 -11"><span class='ocrx_word' id='word_1_452' title='bbox 99 1834 216 1878; x_wconf 76' lang='grc' dir='ltr'>λήστας</span> <span class='ocrx_word' id='word_1_453' title='bbox 238 1833 437 1878; x_wconf 82' lang='grc' dir='ltr'>ὑποδραμεῖν.</span> <span class='ocrx_word' id='word_1_454' title='bbox 464 1841 602 1876; x_wconf 82' lang='lat' dir='ltr'><strong><em>sequetur,</em></strong></span> <span class='ocrx_word' id='word_1_455' title='bbox 627 1837 708 1875; x_wconf 87' lang='lat' dir='ltr'><strong><em>apud</em></strong></span> <span class='ocrx_word' id='word_1_456' title='bbox 730 1837 877 1867; x_wconf 88' lang='lat' dir='ltr'><strong><em>Lucilium</em></strong></span> <span class='ocrx_word' id='word_1_457' title='bbox 901 1839 948 1866; x_wconf 90' lang='lat' dir='ltr'><strong><em>est</em></strong></span> <span class='ocrx_word' id='word_1_458' title='bbox 969 1840 1142 1876; x_wconf 74' lang='lat' dir='ltr'><strong><em>assequetur.</em></strong></span> <span class='ocrx_word' id='word_1_459' title='bbox 1180 1839 1339 1875; x_wconf 79' lang='lat' dir='ltr'><strong><em>vtrumque</em></strong></span> <span class='ocrx_word' id='word_1_460' title='bbox 1364 1836 1510 1866; x_wconf 88' lang='lat' dir='ltr'><strong><em>Graecum</em></strong></span> <span class='ocrx_word' id='word_1_461' title='bbox 1539 1837 1614 1866; x_wconf 85' lang='lat' dir='ltr'><strong><em>illud</em></strong></span> <span class='ocrx_word' id='word_1_462' title='bbox 1636 1837 1777 1875; x_wconf 87' lang='lat' dir='ltr'><strong><em>explicat,</em></strong></span> <span class='ocrx_word' id='word_1_463' title='bbox 1810 1836 1872 1866; x_wconf 77' lang='lat' dir='ltr'><strong><em>sul&gt;-</em></strong></span> 
     </span>
     <span class='ocr_line' id='line_1_37' title="bbox 101 1879 1873 1919; baseline -0.001 -10"><span class='ocrx_word' id='word_1_464' title='bbox 101 1889 215 1909; x_wconf 86' lang='lat' dir='ltr'><strong><em>currere</em></strong></span> <span class='ocrx_word' id='word_1_465' title='bbox 249 1879 275 1909; x_wconf 83' lang='lat'><strong>&amp;</strong></span> <span class='ocrx_word' id='word_1_466' title='bbox 298 1881 420 1919; x_wconf 76' lang='lat' dir='ltr'><strong><em>assequi.</em></strong></span> <span class='ocrx_word' id='word_1_467' title='bbox 455 1882 555 1910; x_wconf 85' lang='lat' dir='ltr'><strong><em>cesset</em></strong></span> <span class='ocrx_word' id='word_1_468' title='bbox 586 1880 677 1919; x_wconf 82' lang='lat' dir='ltr'><strong><em>igitur</em></strong></span> <span class='ocrx_word' id='word_1_469' title='bbox 698 1880 736 1910; x_wconf 84' lang='lat' dir='ltr'><strong><em>de</em></strong></span> <span class='ocrx_word' id='word_1_470' title='bbox 758 1880 879 1918; x_wconf 83' lang='lat' dir='ltr'><strong><em>linguae</em></strong></span> <span class='ocrx_word' id='word_1_471' title='bbox 901 1882 1023 1909; x_wconf 85' lang='lat' dir='ltr'><strong><em>nostrae</em></strong></span> <span class='ocrx_word' id='word_1_472' title='bbox 1046 1880 1149 1918; x_wconf 88' lang='lat' dir='ltr'><strong><em>inopia</em></strong></span> <span class='ocrx_word' id='word_1_473' title='bbox 1170 1880 1302 1917; x_wconf 86' lang='lat' dir='ltr'><strong><em>vulgaris</em></strong></span> <span class='ocrx_word' id='word_1_474' title='bbox 1325 1880 1377 1909; x_wconf 86' lang='lat' dir='ltr'><strong><em>illa</em></strong></span> <span class='ocrx_word' id='word_1_475' title='bbox 1400 1879 1618 1918; x_wconf 83' lang='lat' dir='ltr'><strong><em>expostulatio:</em></strong></span> <span class='ocrx_word' id='word_1_476' title='bbox 1653 1879 1677 1908; x_wconf 67' lang='grc' dir='ltr'><strong>ἂ</strong></span> <span class='ocrx_word' id='word_1_477' title='bbox 1706 1880 1803 1909; x_wconf 86' lang='lat' dir='ltr'><strong><em>sciant</em></strong></span> <span class='ocrx_word' id='word_1_478' title='bbox 1825 1880 1873 1909; x_wconf 82' lang='lat' dir='ltr'><strong><em>isti</em></strong></span> 
     </span>
     <span class='ocr_line' id='line_1_38' title="bbox 98 1922 1873 1961; baseline 0 -9"><span class='ocrx_word' id='word_1_479' title='bbox 98 1922 264 1952; x_wconf 84' lang='lat' dir='ltr'><strong><em>lexicorum</em></strong></span> <span class='ocrx_word' id='word_1_480' title='bbox 287 1923 547 1953; x_wconf 85' lang='lat' dir='ltr'><strong><em>consarcinatores</em></strong></span> <span class='ocrx_word' id='word_1_481' title='bbox 569 1923 681 1953; x_wconf 86' lang='lat' dir='ltr'><strong><em>habere</em></strong></span> <span class='ocrx_word' id='word_1_482' title='bbox 710 1932 743 1953; x_wconf 85' lang='lat' dir='ltr'><strong><em>se</em></strong></span> <span class='ocrx_word' id='word_1_483' title='bbox 765 1931 858 1953; x_wconf 86' lang='lat' dir='ltr'><strong><em>voces</em></strong></span> <span class='ocrx_word' id='word_1_484' title='bbox 880 1922 1016 1961; x_wconf 85' lang='lat' dir='ltr'><strong><em>Latinas,</em></strong></span> <span class='ocrx_word' id='word_1_485' title='bbox 1049 1923 1075 1953; x_wconf 92' lang='lat' dir='ltr'><strong><em>si</em></strong></span> <span class='ocrx_word' id='word_1_486' title='bbox 1104 1923 1222 1961; x_wconf 84' lang='lat' dir='ltr'><strong><em>linguae</em></strong></span> <span class='ocrx_word' id='word_1_487' title='bbox 1245 1923 1325 1952; x_wconf 88' lang='lat' dir='ltr'><strong><em>illius</em></strong></span> <span class='ocrx_word' id='word_1_488' title='bbox 1349 1925 1452 1952; x_wconf 86' lang='lat' dir='ltr'><strong><em>essent</em></strong></span> <span class='ocrx_word' id='word_1_489' title='bbox 1473 1922 1573 1960; x_wconf 89' lang='lat' dir='ltr'><strong><em>periti,</em></strong></span> <span class='ocrx_word' id='word_1_490' title='bbox 1607 1923 1717 1960; x_wconf 90' lang='lat' dir='ltr'><strong><em>quibus</em></strong></span> <span class='ocrx_word' id='word_1_491' title='bbox 1740 1922 1873 1953; x_wconf 82' lang='lat' dir='ltr'><strong><em>Graecas</em></strong></span> 
     </span>
     <span class='ocr_line' id='line_1_39' title="bbox 98 1965 557 2004; baseline 0.002 -9"><span class='ocrx_word' id='word_1_492' title='bbox 98 1965 340 1996; x_wconf 84' lang='lat' dir='ltr'><strong><em>commodissime</em></strong></span> <span class='ocrx_word' id='word_1_493' title='bbox 363 1966 557 2004; x_wconf 86' lang='lat' dir='ltr'><strong><em>explicarent.</em></strong></span> 
     </span>
    </p>
   </div>
   <div class='ocr_carea' id='block_1_10' title="bbox 97 2015 1967 2492">
    <p class='ocr_par' dir='ltr' id='par_1_10' title="bbox 97 2015 1967 2356">
     <span class='ocr_line' id='line_1_40' title="bbox 251 2015 1872 2056; baseline -0.001 -10"><span class='ocrx_word' id='word_1_494' title='bbox 251 2018 360 2046; x_wconf 82' lang='lat' dir='ltr'><strong><em>maiore</em></strong></span> <span class='ocrx_word' id='word_1_495' title='bbox 381 2018 412 2046; x_wconf 71' lang='lat' dir='ltr'><strong><em>in</em></strong></span> <span class='ocrx_word' id='word_1_496' title='bbox 433 2016 551 2056; x_wconf 55' lang='lat' dir='ltr'><strong><em>spacia]</em></strong></span> <span class='ocrx_word' id='word_1_497' title='bbox 597 2018 639 2046; x_wconf 85' lang='lat' dir='ltr'><strong><em>ita</em></strong></span> <span class='ocrx_word' id='word_1_498' title='bbox 661 2026 766 2047; x_wconf 91' lang='lat' dir='ltr'><strong><em>omnes</em></strong></span> <span class='ocrx_word' id='word_1_499' title='bbox 788 2017 980 2046; x_wconf 83' lang='lat' dir='ltr'><strong><em>membranae</em></strong></span> <span class='ocrx_word' id='word_1_500' title='bbox 1001 2015 1170 2046; x_wconf 86' lang='lat' dir='ltr'><strong><em>Gellianae.</em></strong></span> <span class='ocrx_word' id='word_1_501' title='bbox 1203 2019 1234 2045; x_wconf 89' lang='lat' dir='ltr'><strong><em>at</em></strong></span> <span class='ocrx_word' id='word_1_502' title='bbox 1261 2016 1472 2046; x_wconf 84' lang='lat' dir='ltr'><strong><em>Macrobianae</em></strong></span> <span class='ocrx_word' id='word_1_503' title='bbox 1505 2017 1595 2054; x_wconf 88' lang='lat' dir='ltr'><strong><em>longe</em></strong></span> <span class='ocrx_word' id='word_1_504' title='bbox 1628 2017 1730 2054; x_wconf 81' lang='lat' dir='ltr'><strong><em>aliter3</em></strong></span> <span class='ocrx_word' id='word_1_505' title='bbox 1764 2018 1872 2046; x_wconf 69' lang='lat' dir='ltr'><strong><em>naaiore</em></strong></span> 
     </span>
     <span class='ocr_line' id='line_1_41' title="bbox 97 2059 1870 2099; baseline -0.001 -10"><span class='ocrx_word' id='word_1_506' title='bbox 97 2060 207 2099; x_wconf 81' lang='lat' dir='ltr'><strong><em>spacio.</em></strong></span> <span class='ocrx_word' id='word_1_507' title='bbox 246 2059 330 2097; x_wconf 85' lang='lat' dir='ltr'><strong><em>quod</em></strong></span> <span class='ocrx_word' id='word_1_508' title='bbox 351 2059 391 2090; x_wconf 85' lang='lat' dir='ltr'><strong><em>ad</em></strong></span> <span class='ocrx_word' id='word_1_509' title='bbox 414 2060 592 2090; x_wconf 83' lang='lat' dir='ltr'><strong><em>sententiam</em></strong></span> <span class='ocrx_word' id='word_1_510' title='bbox 615 2060 663 2089; x_wconf 90' lang='lat' dir='ltr'><strong><em>his</em></strong></span> <span class='ocrx_word' id='word_1_511' title='bbox 684 2060 786 2089; x_wconf 85' lang='lat' dir='ltr'><strong><em>verbis</em></strong></span> <span class='ocrx_word' id='word_1_512' title='bbox 809 2059 974 2089; x_wconf 85' lang='lat' dir='ltr'><strong><em>subiectam</em></strong></span> <span class='ocrx_word' id='word_1_513' title='bbox 996 2059 1094 2097; x_wconf 85' lang='lat' dir='ltr'><strong><em>magis</em></strong></span> <span class='ocrx_word' id='word_1_514' title='bbox 1116 2059 1253 2097; x_wconf 82' lang='lat' dir='ltr'><strong><em>quadrat.</em></strong></span> <span class='ocrx_word' id='word_1_515' title='bbox 1292 2068 1360 2088; x_wconf 86' lang='lat' dir='ltr'><strong><em>nam</em></strong></span> <span class='ocrx_word' id='word_1_516' title='bbox 1395 2059 1459 2089; x_wconf 88' lang='lat' dir='ltr'><strong><em>siue</em></strong></span> <span class='ocrx_word' id='word_1_517' title='bbox 1494 2059 1696 2088; x_wconf 83' lang='lat' dir='ltr'><strong><em>distinctionis</em></strong></span> <span class='ocrx_word' id='word_1_518' title='bbox 1729 2062 1801 2088; x_wconf 88' lang='lat' dir='ltr'><strong><em>nota</em></strong></span> <span class='ocrx_word' id='word_1_519' title='bbox 1830 2059 1870 2088; x_wconf 90' lang='lat' dir='ltr'><strong><em>ibi</em></strong></span> 
     </span>
     <span class='ocr_line' id='line_1_42' title="bbox 98 2102 1871 2142; baseline -0.001 -10"><span class='ocrx_word' id='word_1_520' title='bbox 98 2105 244 2142; x_wconf 76' lang='lat' dir='ltr'><strong><em>ponatur3</em></strong></span> <span class='ocrx_word' id='word_1_521' title='bbox 266 2106 411 2141; x_wconf 82' lang='lat' dir='ltr'><strong><em>sequetur,-</em></strong></span> <span class='ocrx_word' id='word_1_522' title='bbox 439 2103 504 2133; x_wconf 90' lang='lat' dir='ltr'><strong><em>siue</em></strong></span> <span class='ocrx_word' id='word_1_523' title='bbox 526 2102 579 2142; x_wconf 91' lang='lat' dir='ltr'><strong><em>ibi,</em></strong></span> <span class='ocrx_word' id='word_1_524' title='bbox 601 2106 731 2142; x_wconf 81' lang='lat' dir='ltr'><strong><em>sequetur</em></strong></span> <span class='ocrx_word' id='word_1_525' title='bbox 752 2103 861 2132; x_wconf 79' lang='lat' dir='ltr'><strong><em>maiore</em></strong></span> <span class='ocrx_word' id='word_1_526' title='bbox 882 2103 997 2140; x_wconf 78' lang='lat' dir='ltr'><strong><em>spacio,·</em></strong></span> <span class='ocrx_word' id='word_1_527' title='bbox 1030 2102 1191 2139; x_wconf 85' lang='lat' dir='ltr'><strong><em>vtrubique</em></strong></span> <span class='ocrx_word' id='word_1_528' title='bbox 1219 2102 1369 2132; x_wconf 87' lang='lat' dir='ltr'><strong><em>conuenit.</em></strong></span> <span class='ocrx_word' id='word_1_529' title='bbox 1404 2102 1553 2132; x_wconf 86' lang='lat' dir='ltr'><strong><em>sententia</em></strong></span> <span class='ocrx_word' id='word_1_530' title='bbox 1582 2102 1656 2131; x_wconf 85' lang='lat' dir='ltr'><strong><em>haec</em></strong></span> <span class='ocrx_word' id='word_1_531' title='bbox 1686 2105 1746 2138; x_wconf 66' lang='grc' dir='ltr'><strong><em>θεῖς</em></strong></span> <span class='ocrx_word' id='word_1_532' title='bbox 1780 2102 1871 2131; x_wconf 79' lang='lat' dir='ltr'><strong><em>nullus</em></strong></span> 
     </span>
     <span class='ocr_line' id='line_1_43' title="bbox 98 2141 1871 2184; baseline -0.001 -9"><span class='ocrx_word' id='word_1_533' title='bbox 98 2145 252 2176; x_wconf 73' lang='lat' dir='ltr'><strong><em>subcuraor</em></strong></span> <span class='ocrx_word' id='word_1_534' title='bbox 284 2149 413 2184; x_wconf 82' lang='lat' dir='ltr'><strong><em>sequetur</em></strong></span> <span class='ocrx_word' id='word_1_535' title='bbox 445 2155 506 2176; x_wconf 86' lang='lat' dir='ltr'><strong><em>eum</em></strong></span> <span class='ocrx_word' id='word_1_536' title='bbox 533 2146 642 2175; x_wconf 79' lang='lat' dir='ltr'><strong><em>maiore</em></strong></span> <span class='ocrx_word' id='word_1_537' title='bbox 668 2146 777 2183; x_wconf 80' lang='lat' dir='ltr'><strong><em>spacio.</em></strong></span> <span class='ocrx_word' id='word_1_538' title='bbox 812 2141 923 2181; x_wconf 77' lang='grc' dir='ltr'>ἄλλως.</span> <span class='ocrx_word' id='word_1_539' title='bbox 956 2145 1048 2174; x_wconf 78' lang='lat' dir='ltr'><strong><em>nullus</em></strong></span> <span class='ocrx_word' id='word_1_540' title='bbox 1080 2144 1235 2174; x_wconf 84' lang='lat' dir='ltr'><strong><em>subcursor</em></strong></span> <span class='ocrx_word' id='word_1_541' title='bbox 1266 2155 1329 2174; x_wconf 87' lang='lat' dir='ltr'><strong><em>eum</em></strong></span> <span class='ocrx_word' id='word_1_542' title='bbox 1362 2149 1535 2183; x_wconf 80' lang='lat' dir='ltr'><strong><em>assequetur.</em></strong></span> <span class='ocrx_word' id='word_1_543' title='bbox 1579 2145 1630 2173; x_wconf 78' lang='lat' dir='ltr'><strong><em>sed</em></strong></span> <span class='ocrx_word' id='word_1_544' title='bbox 1651 2145 1712 2183; x_wconf 79' lang='lat' dir='ltr'><strong><em>ipse</em></strong></span> <span class='ocrx_word' id='word_1_545' title='bbox 1734 2144 1871 2174; x_wconf 76' lang='lat' dir='ltr'><strong><em>videbitur</em></strong></span> 
     </span>
     <span class='ocr_line' id='line_1_44' title="bbox 100 2187 1870 2227; baseline -0.001 -9"><span class='ocrx_word' id='word_1_546' title='bbox 100 2190 142 2218; x_wconf 77' lang='lat' dir='ltr'><strong><em>ire</em></strong></span> <span class='ocrx_word' id='word_1_547' title='bbox 163 2188 272 2218; x_wconf 76' lang='lat' dir='ltr'><strong><em>maiore</em></strong></span> <span class='ocrx_word' id='word_1_548' title='bbox 294 2189 403 2226; x_wconf 78' lang='lat' dir='ltr'><strong><em>spacio,</em></strong></span> <span class='ocrx_word' id='word_1_549' title='bbox 426 2198 462 2218; x_wconf 86' lang='lat' dir='ltr'><strong><em>ae</em></strong></span> <span class='ocrx_word' id='word_1_550' title='bbox 480 2189 567 2227; x_wconf 80' lang='lat' dir='ltr'><strong><em>plane</em></strong></span> <span class='ocrx_word' id='word_1_551' title='bbox 589 2187 626 2217; x_wconf 88' lang='lat' dir='ltr'><strong><em>ab</em></strong></span> <span class='ocrx_word' id='word_1_552' title='bbox 649 2188 706 2218; x_wconf 84' lang='lat' dir='ltr'><strong><em>alio</em></strong></span> <span class='ocrx_word' id='word_1_553' title='bbox 729 2188 868 2225; x_wconf 78' lang='lat' dir='ltr'><strong><em>diuersus,</em></strong></span> <span class='ocrx_word' id='word_1_554' title='bbox 902 2188 1011 2218; x_wconf 76' lang='lat' dir='ltr'><strong><em>maiore</em></strong></span> <span class='ocrx_word' id='word_1_555' title='bbox 1032 2189 1131 2226; x_wconf 81' lang='lat' dir='ltr'><strong><em>spacio</em></strong></span> <span class='ocrx_word' id='word_1_556' title='bbox 1165 2188 1255 2217; x_wconf 88' lang='lat' dir='ltr'><strong><em>etiam</em></strong></span> <span class='ocrx_word' id='word_1_557' title='bbox 1282 2188 1540 2225; x_wconf 84' lang='lat' dir='ltr'><strong><em>grammaticorum</em></strong></span> <span class='ocrx_word' id='word_1_558' title='bbox 1570 2188 1700 2216; x_wconf 81' lang='lat' dir='ltr'><strong><em>tolerant</em></strong></span> <span class='ocrx_word' id='word_1_559' title='bbox 1721 2196 1870 2223; x_wconf 81' lang='lat' dir='ltr'><strong><em>canones;</em></strong></span> 
     </span>
     <span class='ocr_line' id='line_1_45' title="bbox 101 2230 1871 2269; baseline -0.002 -7"><span class='ocrx_word' id='word_1_560' title='bbox 101 2232 126 2262; x_wconf 77' lang='grc' dir='ltr'><strong><em>ἅ,</em></strong></span> <span class='ocrx_word' id='word_1_561' title='bbox 146 2231 224 2261; x_wconf 84' lang='lat' dir='ltr'><strong><em>haec</em></strong></span> <span class='ocrx_word' id='word_1_562' title='bbox 246 2231 276 2260; x_wconf 89' lang='lat' dir='ltr'><strong><em>in</em></strong></span> <span class='ocrx_word' id='word_1_563' title='bbox 298 2231 400 2268; x_wconf 76' lang='lat' dir='ltr'><strong><em>poetis</em></strong></span> <span class='ocrx_word' id='word_1_564' title='bbox 422 2233 492 2262; x_wconf 85' lang='lat' dir='ltr'><strong><em>sunt</em></strong></span> <span class='ocrx_word' id='word_1_565' title='bbox 512 2231 700 2261; x_wconf 85' lang='lat' dir='ltr'><strong><em>creberrima.</em></strong></span> <span class='ocrx_word' id='word_1_566' title='bbox 736 2231 819 2269; x_wconf 88' lang='lat' dir='ltr'><strong><em>quod</em></strong></span> <span class='ocrx_word' id='word_1_567' title='bbox 841 2231 868 2260; x_wconf 88' lang='lat' dir='ltr'><strong><em>si</em></strong></span> <span class='ocrx_word' id='word_1_568' title='bbox 891 2239 991 2260; x_wconf 85' lang='lat' dir='ltr'><strong><em>earum</em></strong></span> <span class='ocrx_word' id='word_1_569' title='bbox 1014 2231 1250 2260; x_wconf 80' lang='lat' dir='ltr'><strong><em>membranarum</em></strong></span> <span class='ocrx_word' id='word_1_570' title='bbox 1274 2231 1450 2268; x_wconf 81' lang='lat' dir='ltr'><strong><em>scripturam</em></strong></span> <span class='ocrx_word' id='word_1_571' title='bbox 1473 2230 1621 2268; x_wconf 85' lang='lat' dir='ltr'><strong><em>sequeris,</em></strong></span> <span class='ocrx_word' id='word_1_572' title='bbox 1644 2239 1723 2267; x_wconf 85' lang='lat' dir='ltr'><strong><em>quae</em></strong></span> <span class='ocrx_word' id='word_1_573' title='bbox 1743 2230 1871 2266; x_wconf 73' lang='lat' dir='ltr'><strong><em>liabent3</em></strong></span> 
     </span>
     <span class='ocr_line' id='line_1_46' title="bbox 100 2271 1967 2314; baseline -0.001 -10"><span class='ocrx_word' id='word_1_574' title='bbox 100 2277 130 2304; x_wconf 84' lang='lat' dir='ltr'><strong><em>at</em></strong></span> <span class='ocrx_word' id='word_1_575' title='bbox 152 2273 282 2304; x_wconf 75' lang='lat' dir='ltr'><strong><em>diuersus</em></strong></span> <span class='ocrx_word' id='word_1_576' title='bbox 306 2271 310 2314; x_wconf 77' lang='grc' dir='ltr'>Ι</span> <span class='ocrx_word' id='word_1_577' title='bbox 334 2273 472 2303; x_wconf 75' lang='lat' dir='ltr'><strong><em>videbitur</em></strong></span> <span class='ocrx_word' id='word_1_578' title='bbox 493 2275 552 2304; x_wconf 77' lang='lat' dir='ltr'><strong><em>ire:</em></strong></span> <span class='ocrx_word' id='word_1_579' title='bbox 574 2274 633 2304; x_wconf 87' lang='lat' dir='ltr'><strong><em>iam</em></strong></span> <span class='ocrx_word' id='word_1_580' title='bbox 655 2274 858 2304; x_wconf 83' lang='lat' dir='ltr'><strong><em>distinctionis</em></strong></span> <span class='ocrx_word' id='word_1_581' title='bbox 882 2274 998 2311; x_wconf 85' lang='lat' dir='ltr'><strong><em>signum</em></strong></span> <span class='ocrx_word' id='word_1_582' title='bbox 1021 2273 1063 2303; x_wconf 88' lang='lat' dir='ltr'><strong><em>ibi</em></strong></span> <span class='ocrx_word' id='word_1_583' title='bbox 1084 2283 1183 2312; x_wconf 89' lang='lat' dir='ltr'><strong><em>ponas</em></strong></span> <span class='ocrx_word' id='word_1_584' title='bbox 1207 2276 1343 2311; x_wconf 75' lang='lat' dir='ltr'><strong><em>oportet3</em></strong></span> <span class='ocrx_word' id='word_1_585' title='bbox 1371 2275 1479 2303; x_wconf 71' lang='lat' dir='ltr'><strong><em>maiore</em></strong></span> <span class='ocrx_word' id='word_1_586' title='bbox 1500 2274 1609 2312; x_wconf 72' lang='lat' dir='ltr'><strong><em>spacio.</em></strong></span> <span class='ocrx_word' id='word_1_587' title='bbox 1642 2275 1675 2302; x_wconf 83' lang='lat' dir='ltr'><strong><em>vt</em></strong></span> <span class='ocrx_word' id='word_1_588' title='bbox 1708 2273 1757 2311; x_wconf 87' lang='lat' dir='ltr'><strong><em>sit,</em></strong></span> <span class='ocrx_word' id='word_1_589' title='bbox 1789 2282 1870 2302; x_wconf 81' lang='lat' dir='ltr'><strong><em>nemo</em></strong></span> <span class='ocrx_word' id='word_1_590' title='bbox 1888 2279 1914 2305; x_wconf 78' lang='lat' dir='ltr'><strong><em>p·</em></strong></span> <span class='ocrx_word' id='word_1_591' title='bbox 1934 2272 1967 2298; x_wconf 65' lang='lat'><strong><em>82</em></strong></span> 
     </span>
     <span class='ocr_line' id='line_1_47' title="bbox 99 2316 1336 2356; baseline -0.001 -10"><span class='ocrx_word' id='word_1_592' title='bbox 99 2326 164 2347; x_wconf 82' lang='lat' dir='ltr'><strong><em>eum</em></strong></span> <span class='ocrx_word' id='word_1_593' title='bbox 185 2320 359 2356; x_wconf 72' lang='lat' dir='ltr'><strong><em>assequetur,</em></strong></span> <span class='ocrx_word' id='word_1_594' title='bbox 380 2317 494 2347; x_wconf 84' lang='lat' dir='ltr'><strong><em>maiore</em></strong></span> <span class='ocrx_word' id='word_1_595' title='bbox 516 2317 606 2347; x_wconf 87' lang='lat' dir='ltr'><strong><em>etiam</em></strong></span> <span class='ocrx_word' id='word_1_596' title='bbox 629 2317 744 2356; x_wconf 86' lang='lat' dir='ltr'><strong><em>spacio,</em></strong></span> <span class='ocrx_word' id='word_1_597' title='bbox 766 2317 822 2347; x_wconf 85' lang='lat' dir='ltr'><strong><em>sed</em></strong></span> <span class='ocrx_word' id='word_1_598' title='bbox 842 2325 967 2354; x_wconf 87' lang='lat' dir='ltr'><strong><em>prorsus</em></strong></span> <span class='ocrx_word' id='word_1_599' title='bbox 989 2316 1028 2346; x_wconf 87' lang='lat' dir='ltr'><strong><em>ab</em></strong></span> <span class='ocrx_word' id='word_1_600' title='bbox 1051 2325 1087 2346; x_wconf 88' lang='lat' dir='ltr'><strong><em>eo</em></strong></span> <span class='ocrx_word' id='word_1_601' title='bbox 1111 2316 1249 2346; x_wconf 86' lang='lat' dir='ltr'><strong><em>diuersus</em></strong></span> <span class='ocrx_word' id='word_1_602' title='bbox 1272 2317 1336 2345; x_wconf 85' lang='lat' dir='ltr'><strong><em>ibit.</em></strong></span> 
     </span>
    </p>

    <p class='ocr_par' dir='ltr' id='par_1_11' title="bbox 99 2366 1868 2492">
     <span class='ocr_line' id='line_1_48' title="bbox 252 2366 1868 2406; baseline -0.001 -9"><span class='ocrx_word' id='word_1_603' title='bbox 252 2367 391 2397; x_wconf 72' lang='lat' dir='ltr'><strong><em>videbitur</em></strong></span> <span class='ocrx_word' id='word_1_604' title='bbox 412 2368 474 2406; x_wconf 54' lang='lat' dir='ltr'><strong><em>iren]</em></strong></span> <span class='ocrx_word' id='word_1_605' title='bbox 518 2368 746 2406; x_wconf 84' lang='lat' dir='ltr'><strong><em>antiquissimae</em></strong></span> <span class='ocrx_word' id='word_1_606' title='bbox 769 2368 935 2405; x_wconf 79' lang='lat' dir='ltr'><strong><em>editiones3</em></strong></span> <span class='ocrx_word' id='word_1_607' title='bbox 958 2367 1088 2397; x_wconf 74' lang='lat' dir='ltr'><strong><em>diuersus</em></strong></span> <span class='ocrx_word' id='word_1_608' title='bbox 1110 2366 1248 2397; x_wconf 81' lang='lat' dir='ltr'><strong><em>iubebitur</em></strong></span> <span class='ocrx_word' id='word_1_609' title='bbox 1269 2368 1319 2396; x_wconf 76' lang='lat' dir='ltr'><strong><em>ire.</em></strong></span> <span class='ocrx_word' id='word_1_610' title='bbox 1354 2367 1427 2396; x_wconf 88' lang='lat' dir='ltr'><strong><em>vitio</em></strong></span> <span class='ocrx_word' id='word_1_611' title='bbox 1454 2366 1508 2396; x_wconf 90' lang='lat' dir='ltr'><strong><em>illo</em></strong></span> <span class='ocrx_word' id='word_1_612' title='bbox 1536 2367 1650 2405; x_wconf 83' lang='lat' dir='ltr'><strong><em>passim</em></strong></span> <span class='ocrx_word' id='word_1_613' title='bbox 1679 2367 1868 2405; x_wconf 75' lang='lat' dir='ltr'><strong><em>peruulgnto,</em></strong></span> 
     </span>
     <span class='ocr_line' id='line_1_49' title="bbox 102 2409 1868 2449; baseline -0.001 -9"><span class='ocrx_word' id='word_1_614' title='bbox 102 2419 162 2448; x_wconf 89' lang='lat' dir='ltr'><strong><em>quo</em></strong></span> <span class='ocrx_word' id='word_1_615' title='bbox 186 2410 324 2449; x_wconf 82' lang='lat' dir='ltr'><strong><em>syllabae</em></strong></span> <span class='ocrx_word' id='word_1_616' title='bbox 346 2411 376 2439; x_wconf 89' lang='lat' dir='ltr'><strong><em>in</em></strong></span> <span class='ocrx_word' id='word_1_617' title='bbox 398 2411 496 2440; x_wconf 85' lang='lat' dir='ltr'><strong><em>locum</em></strong></span> <span class='ocrx_word' id='word_1_618' title='bbox 518 2411 647 2449; x_wconf 80' lang='lat' dir='ltr'><strong><em>migrant</em></strong></span> <span class='ocrx_word' id='word_1_619' title='bbox 667 2413 811 2449; x_wconf 87' lang='lat' dir='ltr'><strong><em>mutuum,</em></strong></span> <span class='ocrx_word' id='word_1_620' title='bbox 834 2411 869 2449; x_wconf 65' lang='grc' dir='ltr'><strong><em>ἀ,</em></strong></span> <span class='ocrx_word' id='word_1_621' title='bbox 891 2411 930 2448; x_wconf 77' lang='lat' dir='ltr'><strong><em>iu,</em></strong></span> <span class='ocrx_word' id='word_1_622' title='bbox 953 2419 1018 2448; x_wconf 86' lang='lat' dir='ltr'><strong><em>pro,</em></strong></span> <span class='ocrx_word' id='word_1_623' title='bbox 1042 2411 1080 2442; x_wconf 79' lang='lat' dir='ltr'><strong><em>ui.</em></strong></span> <span class='ocrx_word' id='word_1_624' title='bbox 1114 2419 1183 2440; x_wconf 90' lang='lat' dir='ltr'><strong><em>nam</em></strong></span> <span class='ocrx_word' id='word_1_625' title='bbox 1207 2409 1222 2439; x_wconf 86' lang='lat' dir='ltr'><strong><em>b</em></strong></span> <span class='ocrx_word' id='word_1_626' title='bbox 1246 2419 1300 2448; x_wconf 88' lang='lat' dir='ltr'><strong><em>pro</em></strong></span> <span class='ocrx_word' id='word_1_627' title='bbox 1324 2410 1343 2438; x_wconf 92' lang='lat' dir='ltr'><em>d</em></span> <span class='ocrx_word' id='word_1_628' title='bbox 1364 2410 1439 2439; x_wconf 86' lang='lat' dir='ltr'><strong><em>haec</em></strong></span> <span class='ocrx_word' id='word_1_629' title='bbox 1468 2411 1535 2447; x_wconf 80' lang='lat' dir='ltr'><strong><em>ipsa</em></strong></span> <span class='ocrx_word' id='word_1_630' title='bbox 1558 2410 1684 2439; x_wconf 84' lang='lat' dir='ltr'><strong><em>extorsit</em></strong></span> <span class='ocrx_word' id='word_1_631' title='bbox 1710 2410 1795 2439; x_wconf 85' lang='lat' dir='ltr'><strong><em>vocis</em></strong></span> <span class='ocrx_word' id='word_1_632' title='bbox 1817 2409 1868 2438; x_wconf 85' lang='lat' dir='ltr'><strong><em>de-</em></strong></span> 
     </span>
     <span class='ocr_line' id='line_1_50' title="bbox 99 2452 1718 2492; baseline -0.001 -9"><span class='ocrx_word' id='word_1_633' title='bbox 99 2453 246 2492; x_wconf 80' lang='lat' dir='ltr'><strong><em>prauatio.</em></strong></span> <span class='ocrx_word' id='word_1_634' title='bbox 279 2454 331 2492; x_wconf 70' lang='lat' dir='ltr'><strong><em>ire,</em></strong></span> <span class='ocrx_word' id='word_1_635' title='bbox 355 2453 442 2483; x_wconf 86' lang='lat' dir='ltr'><strong><em>abest</em></strong></span> <span class='ocrx_word' id='word_1_636' title='bbox 465 2454 483 2483; x_wconf 77' lang='lat' dir='ltr'><strong><em>a</em></strong></span> <span class='ocrx_word' id='word_1_637' title='bbox 504 2454 589 2483; x_wconf 89' lang='lat' dir='ltr'><strong><em>libris</em></strong></span> <span class='ocrx_word' id='word_1_638' title='bbox 612 2453 770 2484; x_wconf 81' lang='lat' dir='ltr'><strong><em>Gellianis.</em></strong></span> <span class='ocrx_word' id='word_1_639' title='bbox 801 2453 1029 2491; x_wconf 84' lang='lat' dir='ltr'><strong><em>antiquissimae</em></strong></span> <span class='ocrx_word' id='word_1_640' title='bbox 1051 2455 1152 2483; x_wconf 90' lang='lat' dir='ltr'><strong><em>tamen</em></strong></span> <span class='ocrx_word' id='word_1_641' title='bbox 1175 2453 1324 2482; x_wconf 87' lang='lat' dir='ltr'><strong><em>editiones</em></strong></span> <span class='ocrx_word' id='word_1_642' title='bbox 1346 2453 1468 2491; x_wconf 86' lang='lat' dir='ltr'><strong><em>habent,</em></strong></span> <span class='ocrx_word' id='word_1_643' title='bbox 1491 2453 1516 2482; x_wconf 67' lang='grc' dir='ltr'><strong>ἀ</strong></span> <span class='ocrx_word' id='word_1_644' title='bbox 1538 2452 1718 2482; x_wconf 83' lang='lat' dir='ltr'><strong><em>Macrobius.</em></strong></span> 
     </span>
    </p>
   </div>
  </div>
 </body>
</html>
