2138 2748
208 351 260 383 §4

279 265 318 297 10
884 261 977 288 LVD.
998 261 1220 289 GARRIONIS
1237 261 1374 288 NOTAE
1391 261 1440 288 IN

429 351 488 380 eius
511 349 576 379 libri
594 350 698 388 parta]
744 349 859 387 corrige
876 358 1033 387 operarum
1049 351 1205 388 peccatum
1222 349 1248 378 ἀ
1264 349 1376 379 scribe:
1401 348 1524 378 eiusdem
1540 348 1605 377 libri
1622 351 1717 387 parte.
1753 349 1835 386 quod
1858 349 1884 379 &
1899 349 2049 378 editiones

279 394 304 423 &
326 394 516 423 membranae
538 393 677 423 retinent.
701 392 867 429 antiquitus
890 395 989 422 autem
1010 393 1157 430 publicati
1179 393 1308 430 habent,
1332 391 1411 428 dixit,
1435 400 1496 420 non
1519 391 1594 420 dicit.

427 443 533 473 Furem
555 453 591 473 eat
613 453 645 472 eo
669 443 790 481 dietum]
835 444 929 473 verba
949 444 1094 473 Varronis
1128 446 1248 474 exstant
1280 443 1362 481 apud
1383 443 1513 472 Nonium
1549 442 1584 481 [s.
1606 452 1635 472 v.
1671 442 1753 473 fures
1781 452 1812 481 p.
1838 444 1886 483 50,
1924 443 1961 472 12
1984 443 2048 482 M.]‚

277 487 331 516 sed
354 487 405 525 ita,
427 489 461 516 vt
484 496 550 516 eum
574 495 611 515 cx
634 485 733 516 Gellio
755 486 858 524 potins
882 488 972 524 quam
995 495 1032 516 ex
1056 486 1190 516 Varrone
1211 486 1457 524 transscripsisse
1481 485 1610 524 credam,
1632 494 1733 523 neque
1767 486 1845 515 enim
1877 487 1945 515 raro
1968 485 2049 524 apud

275 530 406 559 Nonium
430 529 597 568 obseruaui,
619 531 652 558 vt
673 529 825 567 posterius
849 529 1015 568 ostendam,
1038 530 1132 559 verba
1154 539 1220 559 cum
1236 529 1336 568 Gellii,
1359 528 1527 566 Diomedis,
1551 528 1668 567 carisii,
1698 529 1823 558 aliorum
1850 537 1887 558 ex
1907 528 2049 566 pessimis

276 581 368 610 saepe
403 572 624 610 exemplaribus
657 572 688 601 in
722 581 776 601 sua
806 573 1007 603 transtulisse.
1042 572 1125 610 quod
1158 581 1194 602 eo
1229 572 1307 611 dico,
1343 581 1382 601 ne
1417 571 1485 609 quis
1507 570 1638 601 Gellium
1666 572 1682 600 e
1704 572 1805 600 Nonio
1834 571 1936 609 potius
1959 579 2049 609 quam

276 617 381 645 eontra
414 615 522 653 corrigi
556 615 667 644 debere
701 615 860 644 existimet.
904 615 998 644 verba
1029 615 1121 644 Nonii
1159 617 1228 645 sunt
1261 614 1462 644 adscribenda
1490 616 1522 643 vt
1550 614 1581 643 in
1602 614 1783 644 membranis
1806 614 2049 652 perscribuntur:

268 659 353 695 sures
375 658 594 696 aiynficantiam
616 657 720 686 habere
742 658 761 686 ὰ
776 659 877 695 suruo,
901 658 977 696 quod
997 657 1122 687 Romani
1149 661 1254 687 veteres
1273 658 1397 694 furuum
1425 661 1517 686 utrum
1546 657 1760 695 appellauerim,
1784 660 1810 686 et
1831 657 1907 695 quod
1926 666 1980 695 per
2003 655 2051 686 ob-

275 710 376 730 scuras
399 704 481 739 atque
504 704 584 730 atras
606 704 699 729 noctes
722 704 863 738 oportuna
885 701 920 729 sit
942 701 1002 729 eius
1023 701 1092 729 mali
1114 700 1230 738 effectio.
1257 700 1343 729 tradit
1363 700 1454 730 Varro
1469 709 1564 728 rerum
1585 699 1748 728 diuinarum
1763 699 1833 729 libro
1849 700 1938 729 XIIII
1951 700 2051 736 furem

276 743 378 773 dictum
401 753 437 773 ea:
459 753 491 773 eo
514 742 590 782 quod
605 744 725 781 furuum
749 746 842 772 atrum
857 743 1092 781 appella[v]erint.
1121 746 1146 771 et
1152 744 1239 781 sures
1250 752 1305 781 per
1321 742 1457 772 obscuras
1472 745 1566 771 noctes
1581 745 1664 780 atque
1678 746 1758 771 atras
1772 743 1892 780 facilius
1906 743 2050 780 furentur.

428 794 499 824 libro
523 795 630 832 X1111.]
676 794 708 823 id
728 794 759 823 in
788 794 1014 831 quartodecimo
1037 794 1113 823 libro
1142 803 1239 823 rerum
1263 794 1429 823 diuinarum
1451 794 1548 824 Varro
1571 802 1632 822 non
1654 793 1787 824 tradidit.
1821 793 1943 831 scripsit
1964 792 2051 823 sede-

177 852 203 877 p.
223 843 258 869 90
276 838 333 867 cim
360 838 454 867 libros
483 838 669 872 Diuinarum,
697 836 723 865 ἀ
747 835 750 877 l
774 837 1017 874 vigintiquinque
1045 837 1259 867 Humanarum.
1299 838 1330 866 in
1357 837 1520 874 postremis
1547 837 1643 865 tribus
1671 836 1756 866 libris
1785 836 1961 866 Diuinarum
1990 844 2052 865 non

205 1364 255 1396 §5

204 2222 251 2253 §1

203 2311 254 2344 §2

274 881 334 910 nisi
357 880 394 909 de
418 881 475 909 diis
499 881 568 918 egit.
606 880 748 909 videlicet
770 879 978 909 tertiodecimo
1002 879 1040 908 de
1064 879 1122 908 diis
1145 880 1245 917 certis,
1270 879 1495 917 quartodecimo
1526 879 1563 909 de
1587 879 1645 908 diis
1668 879 1800 918 incertis,
1824 878 2048 917 quintodecimo

277 923 314 952 de
338 923 395 952 diis
425 923 539 952 cunctis
562 922 587 951 Sc
609 922 775 951 nouissimo
807 922 845 951 de
874 922 932 951 diis
959 922 1131 960 praecipuis
1156 922 1181 951 ἃ
1204 923 1335 952 selectis.
1370 922 1408 951 ad
1430 923 1543 951 nullum
1567 931 1668 951 eorum
1690 922 1832 951 librorum
1855 921 1954 960 potuit
1974 921 2051 951 haec

274 966 425 1003 pertinere
447 966 595 995 tractatio.
640 974 709 994 nam
742 965 856 1003 primus
889 965 966 994 liber
999 967 1063 993 erat
1095 965 1256 1003 singularis
1289 965 1315 994 ἀ
1347 965 1386 994 de
1420 965 1558 994 omnibus
1581 965 1691 1002 agebat
1711 965 1742 994 in
1765 973 1884 1002 genere.
1917 964 2051 1002 ideoque

276 1008 446 1046 quindecim
479 1009 539 1037 illis
572 1009 828 1046 praemittebatur.
871 1008 965 1037 libros
998 1008 1202 1037 Humanarum
1235 1009 1278 1037 ita
1311 1008 1471 1046 diuiserat,
1504 1010 1537 1037 vt
1567 1008 1682 1045 primus
1716 1010 1799 1037 esset
1831 1007 1992 1045 singularis
2025 1005 2052 1036 ἀ

276 1051 440 1089 generatim
463 1051 604 1080 vniuersa
627 1051 892 1089 complecteretur:
927 1050 1037 1080 deinde
1066 1059 1120 1080 sex
1142 1051 1230 1088 primi
1253 1051 1291 1080 de
1314 1051 1486 1080 hominibus
1520 1053 1652 1089 agerent,
1687 1051 1774 1079 alteri
1806 1059 1860 1080 sex
1893 1050 1932 1079 de
1963 1049 2052 1088 locis,

274 1094 354 1123 tertii
370 1103 423 1123 sex
439 1093 477 1123 de
499 1094 695 1132 temporibus,
717 1094 827 1131 reliqui
850 1094 887 1123 de
908 1094 1008 1123 rebus.
1041 1093 1131 1131 igitur
1154 1094 1413 1131 quartusdecimus
1436 1102 1534 1123 rerum
1555 1093 1758 1122 Humanarum
1781 1093 1872 1122 fuerit
1892 1093 1923 1122 in
1944 1092 1983 1122 iis
1999 1092 2052 1130 qui

275 1137 312 1165 (le
335 1137 521 1174 temporibus
543 1137 722 1166 tractabant.
757 1146 817 1174 quo
842 1137 962 1165 omnino
991 1136 1067 1165 haec
1093 1136 1200 1166 referri
1229 1137 1349 1166 debent.
1384 1146 1452 1165 nam
1482 1137 1520 1165 de
1547 1138 1640 1165 noete
1668 1136 1730 1165 illic
1758 1139 1856 1165 aetum
1885 1135 1979 1166 fuisse
2001 1135 2051 1164 vel

276 1188 313 1208 ex
335 1180 373 1209 iis
396 1180 539 1209 Varronis
563 1180 637 1209 satis
661 1180 764 1218 claret,
779 1180 864 1217 sares
883 1189 938 1217 per
960 1182 1065 1208 noctem
1095 1189 1168 1218 quae
1197 1183 1261 1208 atra
1283 1181 1318 1208 sit
1332 1179 1453 1217 facilius
1467 1179 1612 1216 furentur.
1647 1179 1757 1216 quibus
1779 1179 1810 1207 in
1832 1179 1944 1216 verbis,
1968 1179 2049 1208 octo-

275 1222 372 1251 decim
394 1223 537 1252 librorum
552 1222 696 1252 Varronis
720 1222 900 1251 diuisionem
922 1222 1017 1251 habes
1038 1222 1087 1260 qm·
1106 1225 1199 1261 ayant,
1224 1222 1337 1260 quando
1353 1225 1449 1260 ayant,
1473 1221 1540 1259 quid
1565 1225 1660 1260 ayant.
1694 1223 1851 1259 supererat
1875 1223 1908 1250 vt
1927 1221 2051 1260 diceret,

274 1265 320 1293 vbi
335 1266 478 1303 furentur,
502 1265 535 1294 id
558 1267 613 1303 est,
636 1265 682 1294 vbi
706 1269 800 1303 ayant.
845 1265 939 1294 Vides
962 1264 1123 1294 manifesto
1148 1264 1172 1293 ἃ
1194 1265 1287 1294 Nonii
1310 1265 1335 1294 ἃ
1358 1264 1449 1294 Gellii
1473 1264 1650 1302 scripturam
1673 1265 1813 1294 vitiosam
1837 1273 1916 1303 esse,
1940 1263 1966 1292 a
1986 1263 2050 1293 vbi-

274 1316 332 1345 que
356 1308 564 1347 Humanarum,
586 1317 652 1346 pro,
674 1307 847 1337 Diuinarum
870 1309 1009 1345 oportere
1033 1308 1142 1343 scribi:
1167 1308 1250 1346 quod
1272 1309 1302 1337 in
1325 1308 1463 1337 lemmate
1488 1307 1648 1336 etiamnum
1670 1316 1791 1336 manere
1815 1306 1886 1337 dixi.

427 1359 461 1388 de
475 1360 546 1397 sure
569 1359 701 1397 errasse]
747 1368 860 1388 errasse
892 1359 923 1388 in
946 1360 1059 1389 neutris
1081 1360 1208 1389 Pnteani
1230 1359 1412 1389 membranis
1436 1361 1492 1397 est,
1512 1368 1551 1388 ne
1573 1359 1604 1388 in
1628 1359 1749 1396 optimis
1773 1358 1894 1396 quidem
1915 1358 1999 1388 aliis:
2024 1355 2050 1386 ἃ,

275 1411 343 1432 esse
365 1402 424 1432 hoc
446 1403 513 1432 loco
538 1402 762 1441 supposititium
785 1402 995 1439 antiquissima
1016 1404 1130 1432 tantum
1153 1412 1214 1432 non
1237 1402 1392 1432 confimat
1414 1402 1522 1431 editio:
1547 1411 1625 1439 quae
1640 1401 1748 1439 habet,
1770 1403 1811 1430 sic
1825 1401 1934 1430 videtur
1956 1400 2050 1430 Varro

274 1445 308 1474 de
323 1446 394 1483 sure
418 1446 533 1474 dimisse.
568 1447 698 1475 fortasse
721 1448 856 1475 neutram
879 1454 984 1474 vocem
1008 1445 1124 1475 Gellius
1147 1446 1301 1483 adiecerit,
1325 1445 1350 1474 &
1372 1445 1431 1474 hoc
1452 1445 1483 1474 in
1507 1453 1658 1482 suspenso
1681 1444 1847 1482 reliquerit.

427 1506 499 1535 quae
521 1498 589 1537 φῶρ
614 1496 723 1526 Graece
745 1500 793 1535 est,
816 1495 917 1525 Latine
931 1497 1006 1534 sun]
1053 1497 1238 1526 commodius
1262 1496 1288 1525 ἀ
1311 1496 1478 1534 elegantius
1506 1496 1714 1534 membranae,
1747 1496 1795 1534 qui
1827 1493 1895 1535 φῶρ
1930 1492 2049 1533 Graece,

273 1539 374 1568 Latine
397 1543 436 1568 est
450 1541 515 1577 sur.
554 1540 698 1570 Varronis
722 1540 857 1577 opinioni
879 1539 997 1568 aceedit
1019 1539 1155 1569 Seruius:
1191 1540 1243 1576 qni
1275 1540 1352 1568 libro
1381 1548 1461 1568 nono
1484 1538 1639 1568 Aeneidos
1673 1539 1712 1576 [v.
1736 1538 1807 1576 350]
1833 1539 1919 1576 sures
1953 1537 2051 1567 dictos

273 1582 363 1611 tradit
387 1582 469 1620 quod
491 1583 590 1622 furno,
623 1583 655 1612 id
678 1585 733 1621 est,
766 1583 851 1619 nigro
885 1584 1021 1619 tempore
1055 1582 1134 1611 furta
1166 1582 1360 1612 committant.
1399 1582 1455 1611 sed
1481 1582 1566 1611 lubet
1590 1581 1678 1610 Pauli
1705 1582 1721 1610 e
1747 1581 1825 1610 libro
1848 1579 1987 1609 XXXIX.
2010 1579 2051 1610 ad

275 1625 403 1654 edictum
425 1626 519 1655 verba
541 1626 723 1663 adscribere,
758 1625 868 1662 quibus
900 1625 1074 1654 Labeonem
1096 1625 1225 1654 Varroni
1258 1634 1416 1654 assensum
1450 1633 1519 1654 esse
1548 1624 1718 1662 doceamur,
1753 1623 1778 1653 ἃ
1806 1623 1931 1653 aliorum
1960 1622 2050 1652 etiam

275 1669 440 1698 sententias
463 1668 675 1707 intelligamus.
719 1667 849 1706 Furtum,
873 1668 971 1705 inquit
992 1668 1115 1707 Paulus,
1139 1669 1157 1697 ὰ
1171 1669 1264 1706 furuo
1286 1668 1317 1697 id
1339 1671 1378 1696 est
1400 1668 1481 1706 niqra
1505 1667 1608 1696 dictum
1629 1666 1727 1696 Labeo
1750 1667 1799 1705 ait,
1829 1665 1904 1705 quod
1932 1665 2004 1694 clam
2025 1668 2052 1694 et

275 1710 394 1740 obscuro
419 1712 478 1749 fiat
512 1715 537 1740 et
565 1712 732 1751 plerumque
765 1714 852 1748 nocte,
887 1711 931 1740 vel
963 1712 981 1739 ὰ
995 1711 1106 1749 fraude
1134 1714 1161 1740 vt
1190 1710 1313 1740 Sabinus
1336 1711 1384 1749 ait,
1414 1710 1458 1739 vel
1479 1711 1497 1738 ὰ
1511 1710 1635 1748 serendo
1657 1709 1688 1739 id
1709 1713 1749 1738 est
1771 1708 1937 1747 auferendo,
1959 1709 2010 1738 vel
2031 1709 2052 1738 ὲ

274 1752 390 1783 Graeco
414 1763 552 1784 sermone
586 1754 638 1792 qui
665 1754 747 1783 fures
770 1754 914 1792 appellant
936 1755 1052 1794 φῶρας.
1086 1754 1141 1783 imo
1165 1757 1189 1782 et
1211 1753 1316 1783 Graeci
1338 1751 1400 1783 ἀπὸ
1422 1754 1476 1783 τοῦ
1499 1751 1611 1793 φέρειν,
1640 1752 1671 1781 id
1692 1755 1741 1791 eat,
1763 1753 1782 1781 ὰ
1796 1751 1924 1801 serenda
1942 1749 2050 1791 φῶρας

273 1796 404 1826 dixerunt
426 1797 461 1827 L.
485 1798 499 1826 1
523 1798 587 1835 [pn]
618 1797 656 1827 D.
686 1797 723 1826 de
747 1797 834 1826 furtis
858 1797 979 1834 [XLVII
1003 1797 1042 1834 2].
1086 1797 1244 1826 Postrema
1276 1797 1329 1826 illa
1355 1796 1449 1826 verba
1476 1796 1532 1824 imo
1561 1799 1586 1824 et
1609 1794 1722 1833 Graeci,
1755 1795 1842 1824 Pauli
1876 1794 2048 1844 opinionem

271 1839 413 1869 indicant.
457 1841 589 1870 Dubium
612 1849 672 1869 non
696 1842 743 1869 est
765 1840 838 1877 quin
852 1840 908 1878 fur
931 1838 934 1880 1
958 1840 1098 1869 Latinum
1121 1840 1169 1879 sit,
1191 1840 1234 1869 ita
1257 1841 1275 1868 a
1297 1839 1422 1869 ferendo
1447 1839 1557 1868 dictum
1579 1840 1612 1867 vt
1634 1837 1701 1878 φῶρ
1725 1838 1806 1876 apud
1828 1837 1962 1867 Graecos
1985 1831 2048 1866 ἀπὸ

272 1883 326 1912 τοῦ
349 1880 462 1923 φέρειν.
495 1893 563 1912 nam
587 1883 688 1913 Latini
710 1883 848 1921 primitus
870 1892 931 1912 non
946 1884 1001 1920 sur
1025 1883 1079 1912 sed
1095 1883 1148 1920 sor
1177 1883 1327 1912 dicebant.
1354 1882 1424 1912 hinc
1447 1882 1609 1920 glossaria,
1642 1879 1789 1921 κλέπτης,
1816 1881 1879 1919 sor,
1907 1879 2049 1909 inuoluto,-

275 1926 418 1964 [p.107a
439 1927 557 1965 Labbq]
592 1924 753 1965 κλέπτρια,
786 1926 919 1955 Foronia
953 1926 992 1964 [p.
1019 1923 1096 1954 107b
1117 1925 1236 1964 Labb].
1282 1934 1360 1963 quae
1395 1925 1535 1954 fortassis
1570 1924 1674 1953 eadem
1703 1926 1751 1954 est
1773 1933 1839 1953 cum
1861 1923 1923 1961 illa,
1958 1931 2048 1960 quam

271 1971 381 2006 postea
402 1968 541 1998 Farinam
565 1969 713 2007 dixerunt,
737 1969 821 1998 cuius
844 1969 874 1998 in
897 1969 998 1998 Fastis
1021 1969 1180 1998 Furinales
1202 1968 1297 1998 feriae
1320 1970 1404 2006 sunt3
1427 1968 1554 2005 eiusque
1582 1975 1695 1996 nomen
1718 1967 1824 2005 paucis
1854 1974 1923 1995 esse
1943 1967 2047 1995 notum

273 2012 366 2041 Varro
382 2012 458 2042 libro
484 2012 521 2041 de
536 2012 640 2050 lingua
660 2012 770 2041 Latina
793 2012 897 2049 quinto
923 2012 973 2050 [VI
986 2011 1005 2050 ξ
1025 2012 1061 2040 19
1078 2011 1127 2049 Μ.]
1152 2014 1288 2041 testatur.
1324 2020 1398 2041 caue
1414 2010 1583 2040 confundas
1598 2019 1664 2039 eum
1679 2009 1818 2048 Feronia,
1842 2017 1920 2046 quae
1935 2008 2049 2046 glossis

273 2057 328 2094 est,
351 2053 583 2095 πολυστὲφανος
617 2055 656 2093 [p.
691 2052 766 2083 150b
800 2056 852 2092 (=
875 2054 942 2083 Lat.
966 2054 1017 2084 Gr.
1041 2064 1071 2092 p.
1096 2052 1166 2095 74b)
1199 2054 1318 2092 Labb.],
1353 2054 1534 2092 cuiusque(,)
1568 2053 1712 2091 frequens
1746 2054 1793 2082 est
1825 2051 1898 2081 alibi
1924 2051 2048 2080 mentio.

858 2154 994 2190 LIBRO
1015 2154 1156 2190 PRIMO
1179 2154 1342 2190 CAPITE
1364 2154 1455 2189 XIX.

424 2217 459 2247 In
492 2218 614 2256 antiquis
647 2216 818 2255 annalibus]
862 2217 946 2246 varia
979 2217 1130 2246 annalium
1164 2226 1275 2255 genera
1308 2216 1390 2254 apud
1421 2217 1575 2246 Romanos
1609 2215 1744 2254 fuerunt,
1789 2215 1841 2252 qui
1876 2214 1991 2252 passim
2028 2216 2048 2244 a

274 2261 470 2299 scriptoribus
493 2261 558 2290 siue
580 2261 721 2290 Auctoris
743 2260 864 2289 nomine
888 2260 1085 2289 adducuntur.
1111 2260 1149 2289 de
1171 2269 1233 2289 non
1255 2260 1345 2289 nullis
1358 2261 1439 2301 ¹post
1461 2259 1586 2288 dicetur.

427 2312 614 2350 Tarquinium
636 2311 815 2351 Superbum]
851 2311 894 2341 sic
918 2313 1091 2341 constanter
1114 2320 1218 2341 omnes
1240 2311 1320 2350 libri,
1343 2311 1387 2340 sic
1408 2310 1534 2348 Plinius,
1558 2310 1602 2339 sic
1624 2309 1756 2348 Solinus,
1780 2309 1824 2339 sic
1847 2308 1907 2339 alii.
1952 2308 2046 2338 Varro

272 2358 371 2385 tamen
399 2356 430 2384 in
458 2355 697 2392 Antiquitatibus
723 2364 821 2384 rerum
849 2354 1044 2383 humanarum
1072 2354 1268 2392 Tarquinium
1294 2354 1430 2383 Priscum
1458 2353 1602 2382 nominat.
1648 2353 1768 2382 Solinus
1791 2353 1872 2382 certe
1901 2360 1967 2389 cap.
1989 2351 2047 2380 VII

274 2399 313 2436 [II
335 2398 354 2436 ξ
381 2399 416 2426 16
441 2408 470 2436 p.
496 2398 546 2436 38,
573 2398 610 2426 15
633 2398 683 2436 M.]
709 2406 774 2427 eam
798 2398 953 2435 Sibyllam,
977 2398 1061 2427 cuius
1083 2397 1153 2427 libri
1176 2397 1215 2426 ad
1237 2397 1433 2434 Tarquinium
1457 2397 1516 2425 sint
1539 2396 1631 2435 allati,
1663 2395 1916 2433 quinquagesima
1943 2393 2046 2431 Olym-

270 2441 361 2478 piade
394 2441 485 2471 rebus
517 2441 662 2470 Romanis
695 2440 869 2470 interfuisse
904 2440 1017 2470 scribit.
1052 2440 1141 2469 credo
1175 2440 1207 2469 in
1234 2440 1336 2469 verbis
1358 2439 1512 2477 Varronis,
1547 2448 1625 2476 quae
1655 2439 1755 2468 statim
1777 2446 1938 2476 apponam,
1960 2436 2047 2476 illud,

271 2484 410 2521 Priscum,
435 2493 504 2514 esse
527 2484 689 2522 glossema,
713 2493 779 2513 cum
801 2484 896 2513 Varro
919 2492 980 2513 non
1002 2483 1062 2513 nisi
1083 2482 1280 2520 Tarquinium
1302 2491 1403 2520 regem
1427 2482 1564 2512 dixisset.
