2138 2748
0 1222 10 1353 »vn-uuna·-
3 1206 7 1210 ἥ
6 1179 7 1183 Α

0 1560 12 1645 ‘vav-v
0 1398 14 1554 &421-7‘05-04*
0 1363 5 1390 -·

0 2134 12 2225 mauu->-
0 1737 15 2128 *x-ss-atquv—mmw-ur
0 1700 17 1729 ,³1-

113 783 115 785 ·
253 764 471 798 MARTINUS
508 765 648 798 HERTZ
683 766 900 800 LUDOVIGO
935 767 1187 800 HOELSCHER
1224 767 1494 803 PROREOTORI
1528 770 1583 802 ET
1616 770 1877 804 PROFESSORI

99 813 310 849 GYMNASH
355 816 679 850 HERFORDENSIS
728 817 872 850 NUPER
914 818 1121 859 EMERITO,
1170 819 1487 852 PHILOSOPHIAE
1532 821 1718 854 DOC'rORt
1762 822 1877 854 SEMI-

99 865 338 901 SAEGULARI
359 868 392 900 S.
437 868 515 901 Cum
532 871 575 910 tu,
592 868 640 900 vir
656 868 885 902 candidissime
908 872 1006 910 atque
1027 869 1253 911 illustrissime,
1277 870 1330 902 die
1354 871 1458 903 fausto
1482 871 1515 903 S.
1538 872 1669 904 Ioannis
1692 873 1871 915 Baptistae,

98 912 188 951 urhis
226 917 320 951 huius
362 919 506 962 patroni,
543 919 671 952 nomine
709 920 861 962 insignito
900 920 1087 952 memoriam
1121 921 1403 954 semisaecularem
1442 922 1611 964 dignitatis
1646 922 1872 967 philosophiae

98 968 240 1003 doctoris
256 973 288 1002 et
303 970 449 1011 magistri
471 970 654 1003 liberalium
677 971 794 1004 artium
817 971 899 1004 inte
922 972 964 1004 ab
986 972 1196 1004 universitate
1212 972 1553 1006 Friderico-Guilelma
1576 974 1774 1008 Berolinensi
1798 981 1872 1018 post

99 1020 264 1063 egregiam
297 1020 339 1053 de
367 1021 434 1054 vita
463 1025 495 1054 et
523 1021 651 1064 seriptis
678 1022 798 1063 Lysiae
827 1023 965 1055 oratoris
993 1024 1293 1056 commentationem
1322 1035 1343 1056 a
1370 1028 1403 1057 te
1432 1025 1647 1068 conscriptam
1675 1036 1715 1059 ac
1744 1027 1872 1069 publice

100 1074 230 1105 strenue
257 1070 425 1105 defensam
452 1072 626 1106 honorifice
660 1073 800 1106 collatae
834 1074 1033 1115 celebrares,
1066 1074 1288 1116 undecumque
1317 1075 1400 1108 duce
1429 1079 1526 1117 atque
1554 1077 1689 1119 auspice
1717 1078 1788 1120 ipso
1817 1078 1872 1110 im-

97 1126 247 1166 peratore
269 1132 409 1165 regeque
432 1127 540 1156 nostro
563 1124 790 1165 augustissimo
814 1134 854 1158 ac
875 1124 1150 1158 venerandissimo
1173 1136 1244 1158 curn
1268 1127 1502 1160 aestimationis
1525 1131 1622 1168 atque
1643 1128 1871 1162 observantiae

99 1177 166 1207 tum
189 1174 308 1208 amoris
337 1179 434 1216 atque
457 1175 620 1208 amicitiae
648 1175 842 1208 documenta
870 1176 1030 1208 ditissima
1053 1179 1086 1208 et
1113 1177 1291 1209 laetissima
1318 1178 1376 1210 tibi
1405 1179 1517 1211 oblata
1545 1183 1627 1211 sunt.
1672 1179 1740 1212 Nec
1768 1179 1872 1213 defuit

98 1225 152 1267 qui
173 1225 249 1268 tibi,
278 1225 443 1268 philologo
466 1229 596 1259 strenuo
625 1237 664 1259 ac
686 1227 814 1269 sagaci,
843 1227 886 1260 ad
914 1227 998 1260 diem
1022 1227 1251 1261 illum-festum
1276 1229 1455 1262 ornandum
1479 1229 1596 1262 donum
1620 1239 1660 1262 ex
1684 1230 1733 1263 his
1756 1231 1871 1264 litteris

97 1275 216 1310 nostris
237 1277 382 1320 petitum,
405 1287 468 1310 non
491 1277 627 1320 spissum
651 1277 732 1310 illud
755 1278 885 1319 quidem
913 1288 1121 1320 crassumque
1146 1279 1312 1321 volumen,
1335 1279 1392 1313 sed
1417 1284 1546 1313 tenuem
1569 1284 1666 1322 atque
1689 1281 1870 1323 elegantem

99 1328 396 1361 oommentariolum
419 1328 602 1369 dedicaret,
636 1329 674 1360 A.
708 1329 842 1371 Iordan,
880 1330 1042 1372 gymnasii
1076 1330 1344 1372 Lemgoviensis-
1358 1335 1464 1364 rector
1496 1333 1741 1365 illustrissimus.
1797 1334 1872 1375 Egit

98 1374 127 1412 is
146 1379 193 1412 ibi
215 1379 257 1412 de
280 1379 392 1412 codice
414 1380 552 1413 vitarum
575 1380 714 1423 Eunapii
737 1380 889 1413 Sardiani
911 1381 1141 1423 Laurentiano,
1165 1392 1259 1423 quem
1282 1383 1479 1424 reliquorum
1501 1383 1571 1415 eins
1594 1382 1740 1416 codicum
1763 1384 1872 1416 arche-

98 1433 211 1473 typum
233 1439 305 1463 esse
327 1434 516 1473 argumento
539 1431 739 1464 validissimo
766 1442 842 1464 usus
865 1431 1106 1465 demonstravit.
1151 1433 1219 1474 Ego
1249 1443 1392 1474 quoque,
1421 1434 1493 1466 festi
1518 1434 1604 1466 illius
1627 1434 1690 1466 diei
1714 1440 1790 1467 ante
1813 1435 1872 1467 lios

98 1482 333 1524 quinquaginta
356 1492 458 1515 annos
486 1482 577 1515 testis
606 1486 703 1524 atque
726 1493 784 1526 per
812 1493 923 1516 omnes
951 1483 1077 1516 dimidii
1106 1483 1199 1516 huius
1222 1485 1344 1516 saeculi
1368 1485 1605 1517 vicissitudines
1628 1485 1719 1517 firma
1742 1485 1870 1527 fidaque

98 1533 242 1566 amicitia
263 1536 369 1566 tecum
393 1534 591 1575 coniunctus,
614 1543 836 1576 speraveram,
860 1544 911 1566 me
933 1535 999 1567 tale
1023 1534 1140 1567 donum
1164 1535 1206 1567 ad
1230 1535 1355 1568 litteras
1377 1546 1561 1568 communes
1584 1540 1615 1568 et
1639 1536 1720 1568 forte
1743 1537 1871 1569 fortuna

97 1588 131 1618 et
151 1585 257 1628 ipsum
280 1585 323 1618 ad
346 1585 468 1618 codicis
490 1585 626 1618 alicuius
655 1586 772 1618 veteris
799 1585 905 1619 adhue
933 1586 1000 1618 fere
1028 1586 1128 1627 ignoti
1151 1587 1336 1619 memoriam
1359 1587 1602 1620 instaurandam
1626 1588 1790 1629 pertinens
1812 1589 1870 1620 tibi

98 1635 216 1670 offerre
238 1646 349 1678 posse:
373 1636 429 1669 sed
453 1635 529 1668 dum
545 1636 664 1669 frustra
687 1640 855 1680 exspecto,
880 1641 914 1670 ut
937 1637 1058 1670 codicis
1084 1638 1171 1670 illius
1193 1637 1268 1670 olim
1292 1638 1373 1670 satis
1395 1639 1586 1671 festinanter
1608 1650 1628 1670 a
1652 1648 1702 1671 me
1724 1640 1870 1681 usurpati

99 1687 282 1720 accuratius
305 1687 496 1730 inspiciendi
519 1687 708 1720 facultatem
730 1689 915 1730 nanciscar,
938 1689 1093 1731 praeterit
1115 1692 1251 1731 tempus,
1274 1689 1372 1721 instat
1394 1689 1465 1733 dies
1489 1690 1598 1730 festus,
1622 1699 1693 1730 ego,
1716 1700 1787 1722 cum
1810 1700 1870 1723 nec

99 1738 188 1772 aliud
216 1738 294 1780 quid
322 1738 455 1771 editioni
484 1738 565 1771 satis
594 1742 743 1781 paratum
777 1739 808 1771 in
838 1739 967 1772 schedis
996 1739 1149 1781 habeam,
1178 1736 1354 1782 ἀσύμβολος
1382 1740 1477 1772 meris
1499 1741 1582 1772 votis
1604 1750 1643 1772 ac
1666 1741 1816 1782 precibus
1839 1745 1871 1773 te

98 1789 191 1823 adire
213 1799 322 1831 cogor.
365 1790 434 1822 Iam
458 1799 551 1831 nune,
575 1799 645 1822 eum
669 1790 701 1822 in
724 1799 763 1823 eo
785 1790 855 1832 sim,
879 1794 913 1823 nt
941 1791 1055 1823 saltem
1083 1801 1167 1832 quae
1194 1795 1259 1823 tum
1282 1790 1323 1822 de
1344 1790 1454 1823 codice
1477 1791 1544 1830 illo,
1567 1792 1664 1823 etiam
1687 1801 1771 1824 nunc
1794 1791 1870 1824 mihi

99 1848 166 1874 non
182 1841 388 1884 impetrabili,
405 1841 437 1873 in
453 1841 629 1884 pugillaria
652 1841 785 1883 conieci,
809 1851 881 1874 eum
904 1841 1009 1875 doctis
1032 1842 1214 1874 hominibus
1229 1842 1469 1883 communicem,
1493 1842 1618 1874 consilii
1642 1843 1728 1875 illius
1751 1853 1872 1876 memor

99 1892 161 1925 abs
183 1895 216 1924 te
236 1895 323 1935 peto,
346 1895 381 1924 ut
402 1901 508 1925 serum
531 1891 617 1925 istud
640 1893 862 1926 munusculum
885 1893 927 1926 ad
951 1893 1014 1926 diei
1038 1893 1125 1926 illius
1149 1892 1223 1925 festi
1246 1893 1432 1925 memoriam
1455 1892 1682 1925 celebrandam
1707 1897 1871 1935 tamquam

102 1942 266 1976 amioitiae
293 1948 423 1976 nostrae
451 1943 595 1976 diutinae
623 1944 764 1985 signum,
794 1947 890 1976 tenue
918 1954 1011 1985 sane,
1035 1944 1093 1976 sed
1116 1954 1157 1976 ex
1181 1954 1276 1976 sensu
1300 1944 1424 1976 sincero
1447 1944 1507 1976 etsi
1529 1944 1696 1985 aliquanto
1718 1950 1792 1986 post
1815 1945 1872 1977 tibi

101 1993 298 2036 dedicatum,
308 1997 380 2026 tam
396 1994 535 2035 benigne
557 2004 597 2027 ac
618 1999 685 2027 tam
709 1995 893 2036 clementer,
916 1998 952 2027 ut
974 1995 1108 2037 assoles,
1132 1996 1174 2027 ab
1198 1995 1259 2028 hoc
1282 1995 1369 2028 fideli
1393 1999 1426 2027 et
1448 1995 1622 2028 iuventutis
1643 2000 1676 2028 et
1698 1997 1873 2028 senectutis

102 2049 178 2079 tuae
190 2046 278 2079 socio
297 2049 394 2087 atque
412 2045 528 2078 comite
547 2046 700 2088 accipias.
745 2046 828 2079 Vale
846 2056 885 2078 ae
904 2046 980 2078 mihi
1001 2046 1109 2079 favere
1126 2056 1236 2088 perge,
1253 2051 1287 2078 ut
1303 2046 1451 2088 equidem
1469 2050 1500 2079 te
1515 2057 1626 2079 amare
1642 2058 1704 2079 non
1717 2046 1874 2080 desinam,

251 2105 319 2139 Ser.
343 2105 561 2138 Vratislaviae
584 2104 615 2139 d.
639 2105 749 2139 XXIV
773 2116 814 2138 m.
837 2106 906 2139 Ian.
930 2115 958 2139 a.
983 2106 1342 2140 MDCCCLXXXVIII.
