2138 2748
1162 269 1201 300 14

290 383 420 415 quoque
445 373 551 404 codex
574 372 692 413 incipit
715 372 784 412 (fol.
811 372 859 413 11)
884 372 947 404 sic:
977 370 1020 414 μὴ
1049 370 1080 403 δ’
1104 371 1184 410 ὅλως
1211 371 1378 403 δάκνοντα·
1402 370 1548 402 λέλεκται
1578 373 1612 402 et
1633 373 1712 412 post
1733 371 1925 404 absolutum
1947 371 2064 404 Galeni

289 425 451 456 librorum
480 425 522 456 de
551 433 700 464 compos.
730 423 848 455 medic.
879 433 944 455 sec.
975 433 1098 463 genera
1123 424 1278 455 ultimum
1309 422 1458 463 sequitur
1481 422 1645 463 Stephani
1667 422 1750 454 illud
1773 422 1945 463 collyrium
1971 422 2064 463 (inc.:

288 475 462 517 Κολλύριον
490 473 689 517 ὀφθαλμικὸν
716 475 804 516 παρὰ
828 473 984 516 στεφάνου
1014 474 1119 516 ἰατροῦ
1145 475 1200 506 τοῦ
1228 474 1397 516 μαγίστρου
1426 476 1499 512 etc.‚
1523 473 1609 505 des.:
1643 472 1888 516 σαχαρόθερμον
1922 471 2066 516 ὄμφακος

288 527 397 569 χυλὸς·
434 526 634 569 ῥοδόσταγμα
662 527 722 557 ’καὶ
755 526 869 567 οἶνος),
895 526 984 567 quod
1008 526 1171 567 excipitur
1195 525 1473 557 commentariolo
1503 524 1545 556 de
1573 524 1749 556 hominum
1776 525 1944 557 aetatibus
1973 525 2065 567 (inc.:

287 577 378 610 Επτὰ
406 578 484 621 [sic]
515 578 588 610 εἰσὶν
617 577 696 619 ὥραι
724 577 761 616 ἃς
782 576 906 620 ἡλικίας
935 577 1096 609 καλοῦσιν·
1126 577 1257 618 παιδίον,
1279 581 1360 616 παῖς,
1391 576 1478 608 des.:
1501 574 1535 607 τὸ
1558 575 1594 607 δὲ
1617 574 1761 607 ἐντεύθεν
1784 574 1862 618 [sic]
1885 575 1985 618 γέρων
2006 575 2067 609 κᾶν

289 629 390 672 ἀτυχῆ
414 630 453 661 τὰ
481 640 535 661 του
560 629 638 672 [sic]
661 629 776 667 τέλους.
806 628 898 671 ἀμὴν.
922 628 1043 671 [edidit
1068 630 1158 661 hunc
1186 627 1500 660 commentariolum
1529 627 1564 659 C.
1592 627 1798 668 Daremberg
1825 628 1846 659 l.
1875 626 1941 669 c.]).
1985 628 2068 660 Post

290 683 378 714 hunc
409 682 722 713 commentariolum
751 681 796 719 is,
824 681 879 721 qui
909 681 1059 712 codicem
1087 680 1367 722 Phillippsianum
1397 678 1562 717 exaravit,
1585 678 1658 719 ipse
1687 678 1810 710 adiecit
1837 679 1920 711 haec
1947 679 2066 711 verba:

288 733 376 770 τέλος
408 732 523 775 βιβλίον
550 732 690 774 γαληνοῦ
718 733 789 773 περὶ
811 731 987 769 συνθέσεως
1009 730 1184 773 φαρμάκων
1205 730 1342 772 εἴληφεν.
1387 730 1459 761 Huc
1481 739 1588 770 usque
1610 729 1709 770 igitur
1732 729 1953 762 Galenianum
1982 740 2066 771 opus

289 785 458 825 pertinere
475 784 677 824 opinabatur
693 783 818 815 codicis
830 783 1067 823 Phillippsiani
1087 783 1207 814 scriba.
1252 782 1343 814 Idem
1357 781 1500 822 denique
1512 781 1642 813 addidit
1654 780 1736 821 (non
1755 791 1796 813 ex
1811 780 1850 823 O)
1863 782 2068 822 epigramma

290 836 332 874 εἰς
353 835 404 868 τὸν
427 834 563 878 γαληνὸν
587 835 679 877 (inc.:
703 834 739 866 οὔ
762 845 805 872 τις
827 838 892 866 σεῖο
915 845 952 876 γε
973 834 1089 873 πλεῖον,
1113 834 1197 866 des.:
1221 831 1356 875 ἁμερίων
1377 843 1415 875 γε
1436 831 1551 875 χάρις).

441 899 584 940 Propius
609 899 742 939 cognati
767 900 846 930 sunt
873 898 1006 930 codices
1039 897 1118 929 MN
1140 908 1215 930 cum
1247 897 1273 929 O
1302 898 1348 939 (et
1374 896 1635 938 Phillippsiano)
1669 907 1770 938 quam
1804 906 1880 928 cum
1908 894 1944 936 0,
1973 896 2066 929 cuius

289 951 452 983 memoria
475 950 606 991 longius
631 950 672 981 ab
696 949 762 981 illis
786 951 943 990 quattuor
970 949 1141 981 codicibus
1164 949 1276 981 distat.
1322 948 1437 980 Codex
1464 948 1491 979 O
1519 949 1646 989 aliquot
1666 948 1755 980 vitiis
1784 948 1977 989 inquinatus
2006 950 2067 987 est,

290 1003 409 1044 quibus
435 1001 540 1033 MNO
559 1003 683 1033 carent.

142 1145 225 1170 editio
245 1147 272 1170 et
442 1135 474 1176 6)
510 1134 603 1167 Sexti
638 1134 783 1175 denique
817 1133 942 1165 codicis
977 1133 1174 1165 memoriam
1209 1133 1353 1164 servavit
1386 1133 1538 1164 Renatus
1572 1132 1775 1164 Chartier.
1826 1131 1890 1170 Qui
1924 1142 2000 1164 cum
2033 1133 2068 1164 in

164 1188 250 1214 codex
290 1186 504 1227 Hippocratis
540 1188 572 1217 et
606 1185 723 1217 Galeni
758 1195 898 1226 operum
931 1187 1024 1216 tomo
1058 1185 1129 1216 XIII
1162 1183 1302 1216 Parisiis
1332 1194 1422 1216 anno
1455 1184 1536 1216 1679
1570 1183 1687 1216 Galeni
1716 1183 1820 1215 libros
1850 1183 1892 1215 de
1919 1193 2067 1226 compos.

139 1231 271 1257 Charterii
290 1238 408 1270 medic.
434 1247 499 1269 sec.
522 1247 646 1278 genera
663 1237 787 1275 ederet,
805 1247 885 1268 usus
904 1238 956 1268 est
973 1232 1217 1276 ‘manuscripto
1239 1235 1354 1267 codice
1365 1233 1496 1276 Regio'.
1540 1235 1682 1274 Paucae,
1698 1245 1780 1276 quas
1794 1245 1835 1267 ex
1850 1235 1916 1268 hoc
1929 1235 2070 1276 protulit

290 1290 391 1331 (conf.
413 1300 444 1330 p.
471 1290 556 1321 1020
579 1289 652 1330 sq.),
682 1289 844 1320 lectiones
875 1290 1062 1328 congruunt
1091 1288 1160 1320 fere
1184 1297 1259 1319 cum
1286 1287 1457 1319 codicibus
1484 1286 1511 1318 O
1538 1288 1570 1318 et
1597 1286 1854 1327 Phillippsiano.
1898 1286 2007 1319 Hodie
2033 1287 2068 1320 in

289 1341 494 1373 bibliotheca
517 1340 670 1372 Parisina
693 1340 804 1372 nullus
829 1340 950 1371 horum
973 1339 1091 1371 Galeni
1114 1340 1277 1371 librorum
1306 1339 1412 1371 codex
1436 1340 1536 1370 extat.
1580 1338 1679 1370 Falso
1709 1338 1799 1370 enim
1827 1338 1868 1370 de
1896 1338 2068 1371 codicibus

288 1393 452 1424 Parisinis
476 1393 560 1424 2158
584 1394 616 1423 et
640 1392 724 1423 2156
748 1392 889 1423 relatum
910 1401 986 1423 esse
1009 1401 1110 1432 supra
1132 1401 1164 1431 p.
1186 1391 1205 1422 5
1227 1390 1336 1422 docui.
1382 1390 1539 1422 Ceterum
1561 1399 1748 1430 perpaucos
1770 1390 2067 1422 Damocrateorum

289 1445 382 1476 locos
407 1446 582 1484 corruptos
607 1443 738 1475 sanavit
762 1442 926 1475 Chartier.

439 1577 570 1608 Desunt
593 1576 661 1608 iota
679 1572 896 1616 ‘subscripta'
922 1575 1035 1607 omnia
1059 1575 1092 1606 in
1117 1573 1219 1613 CNO,
1242 1574 1387 1615 plurima
1410 1574 1445 1605 in
1470 1573 1514 1604 M
1530 1573 1579 1615 (in
1602 1583 1668 1614 quo
1690 1573 1852 1605 nonnulla
1869 1571 2066 1615 ‘adscripta’

290 1628 390 1669 sunt),
414 1628 517 1660 multa
534 1628 567 1659 in
584 1628 830 1668 Phillippsiano
847 1626 895 1668 (in
912 1637 977 1668 quo
993 1629 1107 1658 tamen
1129 1626 1256 1667 aliquot
1274 1622 1490 1666 ‘subscripta'
1516 1625 1617 1666 sunt).
1658 1625 1821 1657 Versuum
1839 1624 2069 1658 trimetrorum

289 1680 409 1711 divisio
433 1680 467 1711 in
492 1680 545 1711 his
569 1679 715 1720 quinque
739 1679 911 1710 codicibus
935 1678 1026 1710 nulla
1043 1679 1104 1716 est,
1129 1678 1188 1709 sed
1204 1677 1318 1709 omnia
1332 1677 1543 1709 Damocratis
1558 1677 1662 1709 verba
1684 1677 1727 1709 ad
1750 1677 1880 1709 solutae
1903 1675 2067 1709 orationis

289 1731 436 1772 speciem
465 1731 590 1771 scripta
620 1733 706 1763 sunt.
763 1730 931 1769 Quoniam
966 1729 1091 1761 codicis
1126 1728 1362 1769 Phillippsiani
1399 1729 1635 1760 auctoritatem
1662 1739 1738 1760 esse
1771 1728 1899 1766 nullam
1927 1727 2067 1762 demon-

290 1782 402 1820 stravi,
425 1793 506 1814 usus
529 1793 601 1814 sum
625 1783 667 1814 ad
690 1782 901 1814 Damocratis
917 1782 1019 1813 verba
1035 1780 1242 1813 restituenda
1258 1780 1430 1812 codicibus
1449 1779 1589 1812 CMNO.
1635 1779 1777 1812 Codices
1803 1778 1910 1811 ΟΜΝ
1926 1779 2067 1812 contulit

288 1834 477 1874 Leopoldus
502 1834 609 1872 Cohn,
634 1834 767 1866 codices
794 1833 820 1864 O
843 1835 876 1865 et
897 1833 1179 1874 Phillippsianum
1203 1832 1276 1872 ipse
1299 1831 1434 1863 contuli.

290 2023 355 2055 μετὰ
374 2024 404 2047 δὲ
422 2022 451 2047 τὸ
471 2023 563 2055 στῆναι
581 2021 610 2047 τὸ
631 2023 760 2055 ἐπιρρέον7
783 2021 800 2055 ῆ
820 2023 866 2047 καί
885 2018 974 2054 ὀλίγον
993 2022 1031 2047 ἔτι
1050 2022 1177 2054 ἑπιρρέειν
1195 2022 1333 2054 ἐγχεῖσθαι
1355 2021 1384 2046 τὸ
1407 2021 1527 2046 τοιοῦτον
1548 2019 1690 2053 κολλύριον
1709 2018 1745 2051 ὡς
1763 2021 1918 2053 προείρηται
1936 2019 2003 2052 μετὰ
2020 2018 2066 2045 τοῦ

289 2066 461 2099 καταλλήλου
480 2067 512 2099 τῆ
533 2066 651 2091 διαθέσει
668 2063 751 2098 ὑγροῦ
769 2064 881 2098 χλιαροῦ
899 2066 1049 2098 γινομένοψ
1068 2065 1187 2090 τοιοῦτον
1205 2065 1235 2089 δὲ
1252 2064 1403 2097 γενήσεται·
1422 2064 1470 2089 ἐὰν
1487 2062 1504 2097 ἡ
1524 2061 1609 2096 ἀκόνη
1629 2060 1673 2095 ἐφ’
1694 2063 1728 2096 ἧς
1745 2064 1860 2096 τρίβεται
1877 2063 1907 2089 τὸ
1925 2062 2068 2095 κολλύριον

289 2109 498 2142 προσθερμανθῆ
521 2110 549 2134 ἐν
571 2108 647 2134 ὕδατι
669 2110 755 2140 ζέοντι
778 2109 882 2141 γλυκεῖ·
906 2107 975 2141 ύγρά
999 2109 1029 2134 δὲ
1051 2109 1117 2133 ἔστω
1141 2107 1217 2133 τάδε·
1243 2104 1296 2132 ὠοῦ
1322 2105 1501 2140 αὖθημερινοῦ
1523 2106 1553 2132 τό
1577 2106 1675 2132 λευκὸν
1700 2108 1747 2132 καί
1770 2106 1866 2132 λεπτὸν
1882 2105 1977 2140 ύγρόν·
1994 2105 2068 2139 γάλα

288 2155 349 2184 νέας
376 2154 423 2178 καί
451 2149 565 2184 εὐχύμου
593 2152 731 2185 γυναικὸς·
754 2151 856 2185 τήλεως
878 2151 961 2184 χυλὸς
985 2151 1140 2182 κάλλιστος·
1165 2151 1248 2183 χυλὸς
1271 2150 1412 2183 πτισσάνης
1435 2150 1496 2184 (sic)
1520 2150 1604 2183 χυλὸς
1627 2151 1814 2182 λινοσπέρμου·
1838 2149 1921 2183 χυλὸς
1942 2150 1991 2175 τοῦ
2017 2148 2080 2174 πῖν’

289 2198 422 2222 κυδωνίων
441 2198 603 2228 σπέρματος·
622 2197 706 2228 χυλοῦ
724 2195 886 2228 πολυγόνου·
906 2194 1112 2228 σαχαρόθερμον
1130 2194 1256 2227 ὄμφακος
1273 2194 1368 2226 χυλὸς·
1389 2193 1560 2226 ροδὸσταγμα
1578 2195 1625 2219 καί
1643 2195 1726 2224 οϊνοςε
1744 2208 1779 2211 -

441 2261 578 2294 Deinceps
597 2261 625 2286 in
647 2259 670 2286 Ο
688 2260 782 2287 statim
805 2260 929 2294 sequitur
952 2260 997 2286 hic
1016 2260 1050 2286 de
1073 2259 1216 2286 hominum
1235 2258 1372 2285 aetatibus
1394 2258 1645 2288 commentariolus.
1665 2266 1747 2292 quem
1765 2258 1881 2284 Carolus
1899 2257 2068 2292 Daremberg

290 2313 323 2330 ex
348 2304 442 2329 codice
466 2304 669 2337 Phillippsiano
695 2304 762 2330 1529
787 2303 883 2330 edidit:
905 2302 990 2329 Ἑπτά
1015 2305 1077 2329 εἰσὶν
1102 2303 1168 2335 ὧραι
1191 2302 1225 2334 ἃς
1248 2301 1355 2335 ἡλικίας
1376 2301 1517 2327 καλοῦσιν·
1536 2303 1652 2327 παιδίον·
1672 2305 1734 2333 παῖς
1752 2301 1900 2334 μειράκιον·
1918 2303 2066 2333 νιανῦωως·

290 2345 370 2380 ἀνήρ·
390 2347 549 2380 πρεσβύτης·
569 2349 666 2380 γέρων·
685 2349 789 2372 παιδίον
809 2349 855 2380 μὲν
874 2349 941 2372 ἐστὶν
960 2346 1036 2380 ἄχρις
1055 2346 1122 2372 ἑπτὰ
1141 2347 1206 2372 ἑτῶν
1224 2343 1337 2371 ὀδόντων
1356 2346 1486 2378 ἐκβολῆς·
1504 2348 1566 2375 παῖς
1585 2346 1615 2370 δὲ
1633 2344 1696 2377 ἄχρι
1713 2346 1795 2378 γονῆς
1813 2344 1962 2377 ἐκφύσεως
1987 2345 2016 2375 ἃς
2033 2343 2067 2370 τά

290 2392 329 2422 δὶς
348 2390 427 2415 ἑπτοὶ·
447 2390 583 2423 μειράκιον
602 2392 632 2416 δὲ
651 2390 713 2423 ἄχρι
731 2393 833 2423 γενείου
851 2390 1023 2423 λαχνώσεως,
1048 2391 1077 2421 ἐς
1094 2390 1127 2415 τοὶ
1146 2391 1201 2422 τρίς
1219 2388 1298 2414 ἑπτά·
1322 2390 1458 2419 νεανίσκος
1477 2390 1507 2413 δὲ
1529 2387 1607 2421 ἄχρις
1632 2385 1770 2421 αύξήσεως
1788 2387 1853 2413 ὅλου
1871 2389 1918 2413 τοῦ
1937 2387 2067 2420 σώματος,

291 2435 318 2464 ἐς
342 2433 375 2458 τὰ
401 2433 523 2465 τετράκις
548 2434 627 2459 ἐπτοί”
655 2431 723 2467 ἀνὴρ
752 2435 781 2459 δὲ
806 2433 868 2466 ἄχρι
891 2433 1069 2466 πεντήκοντα·
1088 2432 1236 2465 πρεσβύτης
1259 2433 1290 2457 δὲ
1313 2431 1376 2464 ἄχρι
1399 2430 1564 2464 πεντήκοντα
1587 2432 1628 2463 ἓξ,
1654 2433 1682 2462 ἐς
1700 2431 1733 2456 τοὶ
1753 2431 1862 2462 ἑπτάκις
1879 2428 1964 2456 ὀκτώ·
1987 2430 2018 2456 τὸ
2037 2431 2067 2456 δὲ

291 2477 413 2501 ἐντεῦθεν
431 2478 527 2509 γέρων,
547 2477 599 2502 κᾶν
618 2475 704 2510 ἀτυχῆ
722 2477 755 2503 τά
775 2478 822 2502 τοῦ·
841 2478 934 2507 τέλους
955 2486 992 2502 ·:-
1023 2491 1054 2495 —
1085 2475 1134 2502 His
1154 2475 1244 2501 verbis
1267 2475 1428 2501 terminatur
1453 2474 1539 2500 codex
1561 2473 1591 2505 Ο,
1612 2474 1688 2500 cuius
1706 2473 1790 2500 finem
1809 2473 1913 2500 faciunt
1930 2473 1983 2500 tria
2000 2473 2068 2511 folia

290 2519 425 2553 scriptura
443 2520 572 2545 carentia.
