2138 2748
174 1567 201 1592 p.
222 1559 271 1584 119

222 1654 274 1686 μ

284 270 325 301 26
893 265 982 292 LVD.
1004 264 1224 297 CARRIONIS
1243 263 1379 291 NOTAE
1397 263 1443 290 IN

284 342 456 395 litterarum,
487 366 565 394 quae
594 357 726 394 antiquis
754 355 940 393 temporibus
964 355 1029 385 sine
1051 355 1112 385 vllo
1143 354 1315 384 discrimine
1342 353 1421 382 inter
1449 361 1482 382 se
1510 352 1778 391 commutabantur,
1806 352 1905 382 locum
1928 350 2056 381 dederit.

283 402 353 431 vide
383 401 616 437 Quinctilianum
647 400 724 429 libro
754 400 778 428 Ι.
809 408 874 437 cap.
904 397 1003 435 xnff)
1048 398 1076 427 ὠ
1098 397 1228 427 Gellium
1250 396 1330 426 infra
1351 396 1428 425 libro
1450 396 1488 426 X.
1511 404 1577 434 cap.
1599 396 1716 425 XXIIII
1739 395 1768 434 [ξ
1791 395 1833 433 8].

436 461 521 480 scena
543 455 583 480 est
605 451 716 480 deserta
740 450 839 480 deinde
861 450 956 489 risus]
1001 450 1044 479 ita
1077 458 1182 479 omnes
1216 449 1373 478 editiones.
1419 450 1450 477 at
1476 447 1617 477 meliores
1644 447 1850 490 membranaeq
1879 446 1944 476 dein
1971 445 2056 475 risum

285 497 388 534 aperte
409 503 522 524 verum.

436 546 571 584 ludusque
592 545 744 584 imusque]
790 544 863 574 fecit
895 544 970 574 haec
1002 544 1108 574 vitiata
1140 544 1171 573 in
1198 542 1416 573 recentioribus
1445 541 1627 571 editionibus
1655 541 1802 580 scriptura
1828 542 1861 571 vt
1888 540 1943 570 viri
1977 538 2059 570 docti

285 590 383 619 locum
399 589 557 627 tentarint3
580 590 671 626 atque
693 588 736 617 ita
758 588 946 625 scripserint:

480 630 580 661 'Saena
602 635 642 660 est
665 631 790 669 deserta,-
813 631 875 660 hinc
898 630 980 660 ludus
1002 630 1130 669 risusque
1153 630 1294 668 iocusque.

286 678 317 705 at
336 678 456 705 veteres
480 675 628 705 editiones
653 673 681 704 ὢ
704 683 807 703 omnes
829 674 1038 711 membranae,

907 717 982 746 risus
1005 716 1086 745 ludus
1108 717 1250 754 tonusque.

286 761 360 791 nihil
383 761 440 791 fuit
462 761 581 790 facilius
605 769 694 798 quam
717 760 864 789 scribere:

493 802 583 833 Scena
606 807 646 832 est
669 803 795 832 deserta:
818 802 883 831 dein
904 803 979 831 risus
1002 801 1094 839 ludus,
1117 802 1258 839 iocusque.

287 847 342 876 sed
363 846 506 876 videlicet
527 846 671 875 deterruit
693 855 746 875 eos
769 846 807 874 ab
829 845 886 874 hae
909 845 1057 883 scriptura
1078 845 1267 874 interuallum
1296 844 1424 882 litterae,
1449 853 1491 881 a,
1525 843 1555 872 in
1589 842 1709 879 deserta,
1743 842 1814 871 item
1845 842 2000 880 postrema
2031 841 2063 870 in

288 890 378 919 ludus.
414 899 479 919 cum
502 891 612 927 tamen,
636 898 671 918 eo
695 889 872 926 praesertim
894 889 973 927 loco,
996 888 1078 917 illam
1100 888 1230 917 litteram
1263 888 1382 916 veteres
1418 886 1597 924 saepissime
1629 886 1749 922 longam
1783 883 2003 922 constituerint,
2036 882 2064 914 ἃ

288 933 375 962 aliam
399 933 489 971 illam,
502 942 515 961 s
528 955 536 968 ,
560 932 590 961 in
612 932 714 961 metris
737 932 928 969 peremerint.
966 931 1047 969 apud
1069 930 1206 968 Ennium,
1228 930 1410 968 Lucretium,
1432 929 1580 958 Lucilium
1603 927 1630 958 ἃ
1650 928 1749 966 ipsum
1769 928 1907 957 Plautum
1921 926 1996 957 nihil
2017 927 2064 956 est

288 976 484 1013 frequentius.
523 975 669 1013 ludusque,
692 975 730 1004 ab
753 975 916 1012 interprete
940 973 968 1003 ὣ
989 974 1110 1003 librario
1133 973 1298 1003 Parisiensi
1322 975 1377 1003 est.

439 1028 548 1056 numeri
569 1027 730 1064 innumeri]
775 1027 817 1055 ita
840 1026 952 1056 scribe:
976 1035 1076 1063 neque
1099 1025 1260 1063 distingue,
1283 1024 1402 1061 nwmeri,
1426 1024 1574 1052 innumeri.
1603 1022 1685 1060 quod
1713 1023 1758 1051 illi
1779 1022 1915 1052 fecerunt
1937 1021 1989 1059 qui
2010 1029 2066 1059 per

288 1079 427 1100 numeros
462 1069 613 1111 ἔμμετρον
644 1067 747 1110 λόγον,
781 1078 836 1107 per
867 1070 1039 1099 innumeros
1061 1067 1155 1106 πεζὸν
1177 1066 1271 1108 λόγον
1299 1068 1520 1097 intellexerunt.
1565 1066 1659 1095 Recte
1686 1066 1732 1095 vir
1761 1065 1910 1095 cruditus:
1948 1064 2000 1102 qui
2022 1063 2065 1093 ita

287 1123 418 1143 numeros
441 1114 601 1142 innumeros
623 1113 733 1150 accipit
754 1114 787 1141 vt
809 1113 869 1142 sint
890 1112 971 1141 modi
994 1112 1114 1150 comici,
1149 1112 1201 1149 qui
1229 1110 1344 1141 numeri
1373 1110 1494 1148 quidem
1523 1111 1592 1139 sunt
1620 1109 1675 1139 sed
1703 1109 1833 1147 legibus,
1861 1110 1894 1137 vt
1921 1106 2064 1138 Horatius

289 1157 331 1186 ait
353 1157 443 1186 soluti
466 1157 504 1185 de
525 1156 655 1185 Pindaro
688 1156 726 1193 [c.
747 1155 790 1184 IV
813 1156 841 1194 27
868 1157 902 1184 11
929 1156 1003 1193 sq.]:

706 1199 883 1237 numerisque
897 1198 995 1236 fertur

489 1241 563 1280 Le9e
585 1241 691 1271 solutis.

292 1294 380 1323 quam
401 1285 482 1315 illius
503 1285 559 1314 viri
583 1285 664 1314 docti
686 1284 963 1322 interpretationem
986 1283 1149 1322 confirmat,
1183 1283 1322 1320 quisquis
1357 1284 1404 1312 est
1436 1283 1540 1311 auctor
1569 1281 1726 1318 fragmenti
1760 1280 1841 1309 illius
1875 1279 1959 1317 quod
1987 1278 2063 1309 Gen-

292 1329 392 1358 sorino
423 1328 461 1357 de
488 1328 537 1357 die
564 1328 658 1357 natali
686 1328 901 1357 subiunximus.
955 1327 1093 1363 Telesilla,
1120 1326 1219 1364 inquit
1247 1326 1283 1364 [c.
1313 1327 1330 1354 9
1361 1325 1381 1364 ξ
1406 1326 1447 1363 2],
1476 1324 1587 1363 Aryiaa
1614 1324 1777 1353 minutiores
1806 1322 1893 1352 edidit
1922 1331 2064 1353 numeros.

291 1381 364 1410 quae
386 1372 493 1410 species
515 1381 576 1400 cum
598 1372 657 1400 iam
680 1371 837 1410 displiceret
859 1374 884 1399 et
906 1371 1015 1409 integra
1038 1369 1150 1399 breuior
1172 1369 1327 1398 videretur:
1349 1368 1540 1407 maynitudine
1562 1367 1684 1396 Pindari
1707 1369 1818 1395 asserta
1839 1369 1896 1395 eat.-
1918 1366 1966 1404 qm'
1980 1365 2065 1396 etiam

291 1414 378 1443 libros
406 1415 559 1443 innumeris
592 1414 683 1443 modis
705 1414 801 1443 edidit.
837 1414 889 1443 vbi
911 1422 985 1443 caue
1019 1413 1172 1442 existimes
1206 1412 1288 1441 aliud
1321 1420 1390 1441 esse
1422 1411 1521 1440 modos
1554 1411 1715 1439 innumeros
1749 1418 1839 1446 quam
1867 1417 1998 1438 numeros
2025 1409 2067 1438 in·

291 1467 421 1487 numeros
444 1457 471 1488 ἀ
498 1458 575 1495 lege,
598 1457 681 1495 qnod
703 1457 744 1486 ait
765 1457 827 1495 ille,
849 1457 963 1486 ¹volutos.
1007 1455 1160 1485 Ausonius
1185 1455 1246 1493 [lib.
1267 1456 1413 1493 protrept.
1442 1454 1482 1484 ad
1509 1462 1580 1491 nep.
1610 1453 1639 1492 2,
1666 1462 1716 1490 vg.
1746 1452 1838 1490 edyll.
1870 1451 1923 1491 IV,
1945 1461 1973 1481 v.
1997 1451 2065 1489 481:

492 1500 658 1530 Innumeros
680 1509 813 1529 numeros
835 1499 924 1529 doctis
947 1499 1106 1528 accentibus
1128 1498 1206 1536 effer.
1231 1495 1236 1535 Ι

443 1552 733 1590 collacrumauerunt.]
778 1552 821 1581 ita
842 1551 1006 1590 pleraeque
1028 1551 1218 1580 membranae
1241 1549 1268 1580 ἃ
1290 1549 1474 1578 recentiores
1498 1547 1659 1586 editiones,
1687 1547 1801 1576 rectius
1824 1545 1990 1584 antiquitus
2015 1554 2066 1575 ex*

292 1596 370 1634 cusi3
394 1595 638 1627 collacrumarunt.
677 1595 759 1632 quod
781 1595 880 1632 ipsum
902 1595 991 1624 etiam
1014 1594 1186 1632 superiores
1207 1601 1314 1622 versus
1338 1592 1472 1622 eiusdem
1495 1591 1614 1629 generis
1638 1599 1706 1620 esse
1726 1590 1838 1619 debere
1859 1589 1934 1619 satis
1957 1589 2064 1627 arguit.

446 1647 568 1676 Tametsi
586 1647 749 1685 properas.]
796 1647 982 1676 collectanea
1004 1645 1030 1676 ἃ
1052 1646 1129 1674 alins
1151 1647 1238 1674 vetus
1262 1644 1376 1683 codex3
1399 1644 1544 1673 tamenetsi
1564 1651 1715 1681 properas.
1753 1651 1813 1671 vox
1841 1641 2067 1679 antiquioribus

291 1692 371 1720 nota.
416 1690 531 1719 Ennius
556 1691 633 1728 [ann.
656 1690 708 1720 lib.
731 1690 788 1719 ine.
813 1689 849 1720 fr.
864 1689 933 1718 LIV
953 1690 989 1719 V.
1012 1688 1095 1718 XXX
1116 1689 1169 1726 M.]

495 1741 531 1771 At
553 1741 700 1771 Romanus
722 1741 804 1770 homo
827 1741 972 1770 tamenetsi
993 1749 1039 1769 res
1062 1740 1130 1769 bene
1149 1743 1230 1778 qesta
1252 1743 1302 1768 est.

293 1784 321 1814 ὠ
342 1785 373 1814 in
395 1785 459 1815 iure
481 1786 584 1814 nostro
609 1785 690 1814 ciuili
712 1785 771 1814 hoc
793 1785 864 1814 item
888 1793 956 1814 esse
978 1784 1037 1813 iam
1060 1783 1111 1813 alii
1134 1783 1341 1813 obseruarunt.

442 1837 494 1866 hoc
517 1840 541 1865 te
563 1837 684 1874 samum]
730 1837 806 1865 alter
833 1836 909 1865 liber
930 1835 1073 1874 Puteani,
1095 1835 1147 1864 hoc
1169 1844 1271 1864 samum
1295 1834 1421 1873 derogat,
1443 1843 1509 1872 pro,
1532 1837 1557 1862 te
1579 1836 1670 1871 royac.
1701 1834 1732 1861 at
1754 1832 1958 1870 collectanea3
1979 1830 2068 1860 tal-oc

291 1889 393 1909 samum
415 1883 506 1918 royat.

449 1930 493 1961 Vti
514 1940 544 1960 se
566 1931 732 1969 adspicias]
778 1910 964 1960 collectanea
986 1929 1012 1960 Sc
1040 1930 1153 1960 alterae
1186 1930 1393 1967 membranaez,
1426 1928 1458 1959 Vt
1486 1928 1527 1957 ad
1557 1937 1588 1957 se
1611 1927 1766 1966 adspicias.
1795 1928 1924 1957 vetuste.
1960 1925 2068 1955 Plauto

293 1974 445 2004 Pseudolo
471 1974 494 2012 [Ι
519 1974 546 2012 2,
571 1975 588 2002 9
611 1984 640 2003 v.
667 1974 725 2002 142
748 1974 811 2011 R.]:
1683 1971 1686 1973 ’

496 2016 543 2045 Ad
556 2018 666 2055 faciem
689 2026 784 2046 eorum
808 2026 869 2045 cum
892 2017 1024 2055 aspicies,
1046 2015 1124 2045 haud
1145 2015 1273 2044 videntur
1294 2015 1372 2044 mali.

294 2060 374 2090 idem
397 2060 551 2099 Captiueis
575 2061 633 2098 [III
655 2061 685 2099 4,
710 2059 748 2088 38
771 2069 800 2089 v.
823 2060 885 2088 470
907 2060 983 2096 F1.]:

863 2120 873 2124 -
889 2120 899 2124 -
923 2101 1050 2141 Agedum
1073 2102 1170 2140 aspice
1192 2101 1232 2130 ad
1252 2100 1306 2131 me.

295 2155 466 2193 gaudebant
487 2155 659 2184 huiusmodi
680 2154 940 2192 praepositionum
962 2153 1006 2182 illi
1028 2154 1291 2192 geminationibus,
1314 2153 1357 2182 vti
1378 2153 1437 2181 iam
1460 2152 1532 2182 dixi.

447 2207 580 2245 scriptum
603 2207 665 2244 est]
708 2207 835 2243 vterque
856 2205 1001 2243 Pnteani,
1031 2205 1131 2234 deinde
1153 2205 1229 2244 quod
1251 2205 1354 2234 dictum
1375 2207 1414 2233 est
1437 2204 1524 2242 leyas.
1560 2212 1729 2241 perperam.

447 2259 567 2287 Pacuuii
587 2257 702 2296 Marci]
748 2258 948 2295 collectanea,
971 2256 1066 2286 Marci
1089 2257 1219 2286 Pacuuii.
1256 2256 1331 2286 nihil
1352 2255 1446 2285 refert
1467 2255 1618 2293 quomodo
1642 2254 1799 2284 scribatur.
1836 2253 1867 2283 in
1889 2252 2069 2283 membranis

295 2310 366 2331 vero
389 2302 566 2339 plerumque
590 2303 646 2340 est,
669 2301 843 2339 Paucuuius,
866 2301 920 2339 vti,
943 2300 1079 2338 paucius,
1102 2310 1168 2339 pro,
1190 2300 1304 2330 Pacius.

447 2354 557 2382 nescius
578 2362 613 2382 ne
636 2353 731 2391 esse-m]
776 2352 925 2390 quaedam
947 2353 1155 2390 membranae3
1177 2352 1287 2381 nescius
1310 2359 1344 2380 ne
1365 2351 1404 2379 sis
1427 2351 1496 2379 eius.
1533 2350 1605 2379 vale.
1643 2359 1704 2379 non
1726 2351 1818 2379 recte.

366 2507 371 2513 Ι
448 2473 473 2506 ⁴⁴)
493 2473 630 2501 Numerus
653 2472 679 2499 h.
704 2473 721 2499 l.
746 2473 911 2506 corruptus3
939 2471 994 2498 XII
1018 2479 1052 2498 ex
1075 2471 1129 2499 VH
1153 2470 1277 2498 fortasse
1301 2471 1394 2497 ortum
1418 2471 1463 2496 est
1481 2469 1517 2496 cf.
1541 2469 1579 2496 ibi
1598 2472 1613 2501 ξ
1631 2469 1665 2495 22
1689 2468 1763 2502 (coll.
1781 2467 1867 2495 etiam
1894 2475 1918 2495 c.
1936 2467 1976 2495 lv
1995 2469 2010 2500 5
2029 2467 2070 2502 8);

299 2515 388 2542 magis
407 2509 501 2535 tamen
521 2509 654 2535 convenit
672 2509 868 2542 argumentum
887 2514 948 2541 cap.
967 2506 1007 2534 IV
1025 2509 1040 2538 ξ
1061 2507 1101 2534 17.
