2138 2748
262 260 303 292 20
870 255 963 283 LVD.
984 255 1204 282 GARRIONIS
1223 255 1360 282 NOTAE
1377 254 1426 282 IN

178 359 193 388 g
213 356 245 383 15
415 347 445 375 in
483 346 639 385 Iugurtha]
701 345 787 375 addit
829 345 907 374 liber
945 344 1182 382 manuscriptus:
1221 343 1291 372 haec
1325 347 1397 373 sunt.
1436 343 1542 381 eodem
1575 346 1675 373 antem
1708 343 1798 373 modo
1829 343 1878 373 hic
1906 342 2038 382 ponitur,

262 398 400 429 superare
422 398 482 427 quo
506 389 588 427 apud
609 389 748 418 Plautum
770 387 958 417 Mostellaria
980 387 1031 425 [IV
1056 388 1083 426 l,
1108 387 1125 416 9
1149 396 1178 417 v.
1202 387 1262 415 866
1286 387 1333 425 R.,
1355 386 1406 415 nbi
1431 386 1469 416 cf.
1494 386 1589 424 adn.]:

467 439 504 469 At
525 440 596 470 illud
617 443 734 478 superat
755 439 823 468 mihi
845 438 938 468 adhue
960 438 990 468 iu
1006 441 1121 477 pectore
1143 438 1261 467 consilii.

411 492 578 530 plerumque
600 492 619 520 ὰ
643 490 738 529 Rege]
783 491 862 520 liber
882 490 1092 528 Buslidianus3
1113 489 1278 528 plerumque
1300 498 1428 518 seorsum
1451 489 1470 516 ὰ
1492 496 1566 526 reqe.
1602 487 1684 525 quod
1705 487 1737 516 in
1758 487 1844 517 libris
1867 487 1956 516 etiam
1977 486 2039 516 Sal·

262 535 401 564 lustianis
424 537 485 572 est3
509 533 535 563 ἀ
556 543 614 563 nos
636 534 666 563 in
688 535 793 563 nostra
815 533 948 562 editione
971 533 1184 570 expressimus.

177 592 192 623 5
213 590 245 616 16
415 584 470 614 sibi
484 585 658 623 memorant]
703 585 746 614 ita
759 585 911 623 pessimae
927 584 1086 614 editiones.
1109 584 1178 612 libri
1194 583 1359 620 antiquitus
1376 581 1479 611 excusi
1501 580 1527 610 ἀ
1543 581 1657 610 calamo
1674 580 1804 618 exarati3
1827 579 1881 609 sibi
1895 581 2039 608 memorat.

148 642 175 668 p.
195 633 247 660 108
263 631 416 666 postrema
438 628 527 657 huius
549 626 642 668 volcis
665 628 793 666 syllaba,
829 636 906 665 quae
935 627 1068 664 antiquis
1099 628 1163 655 erat
1190 626 1340 664 ambigua,
1375 625 1444 654 illos
1477 625 1507 653 in
1538 632 1667 653 errorem
1691 623 1816 652 induxit.
1859 622 1940 660 Neq.
1963 621 2038 651 satis

262 671 398 709 intelligo
422 680 474 700 cur
501 670 618 700 Gellius
647 671 766 700 diuisim
794 670 1052 708 pronunciandum
1075 669 1133 698 hoe
1157 669 1316 699 existimet.
1351 676 1411 697 non
1436 667 1508 704 quin
1536 666 1653 703 antiqui
1687 666 1730 694 ita
1769 664 1933 703 aliqnando
1968 665 2039 694 scri·

262 714 388 752 pserint,
417 714 472 743 sed
492 713 551 743 hoe
573 713 648 743 nihil
669 713 718 743 hic
739 713 943 743 necessarium
967 721 1036 741 esse
1058 712 1168 742 iudico.
1202 712 1326 740 Plautus
1350 710 1529 740 Curculione
1553 709 1577 747 [1
1602 711 1614 737 1
1641 718 1670 738 v.
1694 708 1759 746 85]:

466 763 498 794 Si
520 764 589 803 quid
609 774 695 803 super
717 764 757 793 itti
771 765 871 802 suerit,
894 763 925 792 id
945 762 1026 792 nobis
1048 764 1118 791 satis
1140 765 1189 791 est.

261 825 328 855 pro,
350 816 489 854 reliquum
511 824 581 853 esse,
606 817 652 844 est
673 815 704 844 in
728 814 908 852 quibusdam
930 813 1129 851 membranis,
1152 813 1278 842 relictum
1299 821 1369 843 esse.
1408 813 1479 841 item
1502 820 1557 849 pro
1580 811 1715 849 vulgato,
1737 819 1794 840 uon
1808 813 1835 839 vt
1849 819 1914 848 vna,
1939 817 2042 839 omnes

262 859 443 888 vetustiores
464 858 533 887 libri
555 858 683 895 habent,
705 861 732 886 ot
753 867 810 886 non
831 867 897 886 vna.

418 909 494 948 quod
521 908 632 947 quidem
663 908 763 938 diuise.
806 910 953 945 vtraeque
981 907 1172 936 membranae
1200 906 1344 944 Puteani3
1375 905 1451 944 quod
1473 905 1541 943 quia
1563 904 1594 934 id
1615 907 1664 941 est,
1688 903 1787 933 diuise.
1833 903 2044 941 antiquissima

265 952 372 982 editio:
402 951 479 990 quod
495 952 563 990 quia
591 952 619 981 .i.
644 951 734 980 diuise
775 949 1025 989 pronunciandum
1059 953 1108 980 est.
1149 949 1269 978 videtur
1290 950 1321 978 in
1344 947 1553 987 autogra[p]ho
1577 947 1689 985 fuisse,
1711 946 1788 985 quod
1809 947 1876 985 quia
1898 945 1972 975 idem
1993 948 2042 976 est.

263 994 346 1033 idem,
371 1003 407 1024 ex
428 994 500 1023 idest
522 994 605 1032 quod
627 994 686 1023 iam
709 994 832 1031 saepius
854 994 1032 1023 monuimus.

177 1059 192 1088 ξ
213 1057 246 1083 18
412 1054 468 1083 pro
491 1045 666 1083 superstitem
688 1045 768 1083 esse]
813 1045 873 1074 iam
906 1047 976 1073 ante
1010 1044 1139 1072 diximus
1173 1045 1320 1083 περιεῖναι
1353 1042 1433 1072 idem
1462 1041 1544 1080 apud
1573 1040 1707 1071 Graecos
1742 1039 1920 1078 significare.
1963 1038 2044 1077 apud

262 1088 388 1118 Latinos
411 1088 555 1125 frequens
579 1091 635 1117 est.

176 1154 191 1184 ἓ
213 1152 245 1177 19
417 1138 456 1167 od
477 1138 512 1167 L.
537 1138 693 1177 Plancum]
738 1139 773 1169 L.
809 1139 896 1167 deest
929 1138 1041 1177 optimo
1071 1138 1148 1167 libro
1184 1136 1209 1166 &
1236 1140 1329 1167 recte.
1381 1136 1499 1166 Gnaeus
1528 1136 1607 1165 enim
1634 1135 1765 1164 Plancus
1791 1133 1947 1164 vocandus
1970 1135 2044 1163 erat.

263 1189 447 1219 praenomen
471 1190 593 1219 quoque
615 1182 764 1211 Pollionis
786 1182 859 1210 tolle
883 1181 965 1218 quod
988 1182 1006 1209 a
1028 1181 1210 1210 membranis
1234 1181 1330 1209 abest.
1364 1189 1425 1208 non
1449 1179 1527 1208 enim
1558 1178 1600 1208 M.
1631 1178 1687 1207 sed
1716 1176 1748 1207 C.
1778 1177 1957 1215 appellatur.
1990 1185 2046 1214 po-

266 1226 376 1253 stremo
401 1224 517 1262 scribe3
539 1225 568 1253 in
601 1223 673 1253 libro
695 1224 877 1263 epistolarum
910 1223 952 1253 M.
977 1222 1121 1252 Ciceronis
1154 1224 1183 1252 in
1215 1223 1334 1261 epistula
1363 1221 1395 1253 C.
1418 1222 1511 1251 Asinii
1538 1221 1578 1250 ad
1599 1216 1760 1250 Pollionem.
1795 1219 1905 1257 copula
1925 1219 1988 1257 illa,
2009 1221 2044 1256 et,

264 1267 392 1297 sublata.
435 1276 497 1296 non
531 1267 609 1296 enim
641 1267 700 1296 hoc
723 1267 829 1296 Cicero
852 1267 974 1304 ponitur
996 1266 1120 1305 dixisse,
1151 1265 1176 1294 δι
1198 1266 1270 1294 item
1292 1265 1432 1303 Asinius,
1460 1265 1515 1294 sed
1538 1264 1621 1294 solus
1645 1263 1678 1293 C.
1700 1262 1827 1293 Asinius
1860 1262 1890 1291 in
1914 1262 2044 1300 epistola

264 1309 304 1339 ad
316 1309 491 1339 Ciceronem
515 1319 593 1347 quae
610 1313 708 1339 exstet
720 1310 783 1348 [sic]
796 1310 827 1338 in
837 1310 915 1338 libro
929 1309 1123 1347 epistolarum
1147 1308 1301 1338 Ciceronis
1317 1308 1355 1337 ad
1372 1308 1425 1338 Cn.
1447 1308 1601 1337 Plancum.
1638 1307 1682 1336 sic
1711 1306 1789 1335 enim
1809 1305 1904 1334 libros
1933 1304 2045 1343 episto-

263 1353 358 1381 larum
380 1353 591 1382 inscribendos
616 1362 683 1382 esse
708 1352 734 1382 ἀ
755 1353 831 1382 haec
853 1352 947 1381 verba
970 1353 986 1380 e
1009 1352 1185 1389 fragmentis
1209 1351 1425 1389 Ciceronianis,
1448 1351 1479 1380 in
1503 1350 1613 1388 quibus
1635 1358 1733 1387 nuper
1748 1349 1869 1378 suerunt
1884 1347 2042 1386 collocata,

265 1395 376 1425 debere
399 1395 520 1434 auferri,
555 1395 590 1434 ἀ,
623 1398 656 1425 vt
678 1396 806 1425 diximus
835 1395 936 1433 scribi,
970 1395 1139 1424 monuimus
1174 1394 1425 1424 Emendationum
1453 1394 1530 1422 libro
1564 1393 1660 1431 primo
1690 1392 1789 1429 capite
1818 1390 1929 1420 XVIII.
1974 1389 2043 1429 Qui,

263 1438 410 1476 Plancum,
435 1439 569 1468 scribunt
591 1448 688 1476 aeque
711 1441 803 1476 atque
826 1438 997 1476 superiores
1020 1438 1216 1468 alucinantur.

417 1499 504 1528 neque
526 1490 693 1528 superesse]
737 1490 855 1519 Placuit
876 1489 1071 1518 vehementer
1093 1489 1237 1518 Romanis
1261 1489 1387 1518 duorum
1409 1488 1528 1516 illorum
1548 1486 1719 1524 verborum,
1743 1484 1841 1514 deesse
1856 1483 1882 1513 ἃ
1895 1493 2044 1523 superesse

263 1533 341 1562 inter
363 1541 396 1562 se
420 1533 584 1571 oppositio.
628 1533 736 1563 Varro.
777 1532 878 1561 Nescis
900 1532 968 1570 quid
989 1541 1070 1560 serus
1097 1541 1197 1570 vesper
1232 1531 1311 1560 vehat
1340 1531 1444 1568 [supra
1477 1530 1494 1568 ἓ
1524 1530 1540 1558 5
1566 1539 1584 1558 a
1613 1528 1649 1558 Gr.
1675 1528 1722 1566 l.]:
1766 1527 1898 1556 Videatur
1919 1536 1975 1556 uon
1997 1525 2044 1556 de-

256 1576 352 1613 fuisse
373 1577 465 1614 mayis
488 1585 573 1614 quam
594 1576 778 1614 superfuisse.
825 1574 930 1604 Cicero
955 1574 1002 1612 [de
1026 1574 1089 1603 iure
1113 1575 1193 1604 civili
1216 1574 1247 1603 in
1270 1576 1363 1603 artem
1385 1572 1551 1611 redigendo
1574 1572 1679 1600 itidem
1702 1579 1793 1608 supra
1815 1570 1834 1609 ξ
1859 1570 1875 1598 7
1899 1570 1941 1608 1.].
1985 1569 2044 1599 Nec

263 1627 330 1648 vero
352 1619 468 1647 scientia
491 1619 562 1647 iuris
584 1618 740 1648 maioribus
762 1618 821 1646 suis
845 1616 878 1656 Q.
901 1616 1000 1646 Aelius
1025 1616 1134 1646 Tubero
1158 1617 1254 1655 defuit,
1278 1617 1406 1646 doctrina
1429 1617 1513 1645 etiam
1540 1615 1686 1653 superfuit.
1725 1613 1749 1642 &
1780 1610 1811 1654 [1.
1838 1612 1858 1651 ξ
1889 1613 1906 1642 8
1935 1612 1982 1651 l.]:
2019 1615 2045 1641 te

263 1660 344 1690 uobis
367 1662 450 1690 etiam
473 1661 693 1700 superfuturum.
737 1670 833 1690 verum
855 1661 881 1688 si
909 1659 940 1688 id
967 1659 1078 1698 quidem
1096 1661 1169 1698 fieri
1202 1669 1257 1689 uon
1281 1662 1374 1698 potest
1400 1669 1434 1688 ne
1463 1658 1538 1687 desis
1567 1666 1662 1687 omnes
1696 1660 1721 1685 te
1748 1664 1892 1694 rogamus.
1938 1655 2044 1686 Cicero

263 1704 343 1733 idem
367 1704 406 1733 ad
429 1704 532 1734 Silium
557 1704 636 1742 [epp.
660 1704 732 1733 XIII
757 1704 806 1742 63,
831 1703 875 1741 2]:
899 1703 950 1731 sed
971 1704 1029 1731 iam
1051 1712 1151 1732 vereor
1172 1712 1207 1731 ne
1229 1703 1287 1731 iam
1309 1711 1456 1740 superesse
1483 1701 1552 1730 mihi
1579 1700 1666 1729 uerba
1691 1702 1783 1738 putes,
1813 1707 1886 1737 quae
1914 1698 2044 1728 dixeram

265 1747 406 1786 defutura.
451 1747 618 1777 Columella
639 1747 716 1776 libro
739 1747 769 1776 11
793 1755 858 1784 cap.
882 1745 952 1774 XVI
987 1746 1091 1784 [XVal.
1121 1745 1141 1784 ξ
1171 1746 1210 1783 4].
1249 1754 1306 1775 nec
1346 1745 1454 1774 deesse
1490 1745 1517 1773 ei
1550 1744 1640 1773 talem
1673 1742 1828 1772 materiam
1855 1749 1911 1772 nee
1939 1749 2042 1780 super-

264 1798 333 1820 esse
356 1792 484 1828 oportet.

94 1847 189 1880 520p.
199 1847 248 1872 109
419 1843 448 1871 in
469 1842 512 1871 his
535 1841 647 1879 verbis.]
693 1850 797 1870 omnes
819 1841 1027 1878 membranae3
1056 1841 1085 1869 in
1106 1841 1142 1869 iis
1164 1839 1257 1869 verbis
1285 1849 1358 1878 quae
1386 1842 1450 1868 sunt
1473 1837 1477 1877 Ῑ
1502 1839 1562 1867 eius
1589 1836 1751 1867 comoediae
1773 1836 1873 1875 primi.
1910 1834 2045 1872 exceptis

264 1885 465 1916 Buslidianis:
488 1885 519 1914 in
543 1885 652 1922 quibus
677 1887 739 1922 est3
762 1884 791 1912 in
814 1884 848 1912 tis
871 1882 998 1912 versibus
1021 1884 1069 1921 qui
1090 1886 1153 1912 sunt
1176 1883 1235 1912 eius
1259 1882 1420 1912 comoediae
1438 1882 1538 1920 primi.
1576 1880 1659 1918 quod
1680 1882 1794 1909 rectum
1811 1887 1879 1909 esse
1893 1878 1944 1907 vel
1958 1877 2043 1916 illud,

261 1929 359 1968 primi,
384 1928 467 1965 quod
487 1928 602 1965 vbique
625 1929 724 1956 exstat
746 1926 920 1965 conuicerit,
945 1925 970 1954 8⁶
992 1935 1041 1955 res
1064 1926 1132 1963 ipsa
1155 1926 1254 1955 docet.

418 1980 550 2018 sospitem
584 1982 609 2008 et
641 1978 835 2017 superstitem]
886 1978 964 2007 male
999 1977 1147 2015 quaedam
1180 1977 1371 2006 membranae
1406 1975 1432 2005 sn
1465 1975 1675 2012 antiquissima
1708 1973 1818 2011 editio,
1853 1972 1989 2010 hospitem
2021 1974 2046 2000 et

262 2024 447 2062 superstitem.

181 2090 193 2118 ξ
213 2088 245 2114 21
417 2082 480 2112 sola
502 2081 599 2119 verbi]
646 2081 794 2118 quaedam
816 2081 1024 2117 membranae3
1046 2080 1137 2109 solum
1158 2079 1246 2108 verbi.
1285 2079 1367 2116 qnod
1389 2080 1422 2107 vt
1443 2078 1583 2107 admitto:
1607 2077 1651 2106 sic
1674 2076 1756 2105 aliud
1778 2075 1861 2113 quod
1882 2075 1914 2104 in
1936 2074 2044 2104 iisdem

267 2129 323 2165 est,
342 2126 485 2164 paruitas,
508 2134 575 2163 pro,
595 2125 728 2163 prauitas
749 2123 863 2154 reiicio.
898 2132 958 2152 non
982 2123 1065 2160 quod
1085 2123 1161 2152 illud
1177 2123 1316 2152 Latinum
1339 2130 1408 2151 esse
1429 2122 1579 2158 nesciam3
1603 2120 1658 2150 sed
1681 2119 1763 2156 qnod
1786 2127 1852 2148 cum
1874 2118 1922 2147 his
1942 2117 2044 2147 verbis

265 2170 386 2198 minime
409 2176 573 2206 congruere
595 2167 734 2197 iudicem.
2088 2157 2092 2164 “

419 2229 444 2257 si
467 2229 528 2266 quis
550 2237 624 2257 nuuc
646 2227 759 2264 senior]
803 2235 881 2255 vnus
903 2226 981 2255 liber
1001 2225 1143 2263 Puteani3
1166 2225 1194 2254 si
1216 2225 1278 2263 quis
1300 2225 1395 2253 senior
1417 2222 1574 2252 aduocatus
1596 2222 1765 2251 adolescenti
1793 2229 1942 2260 superesse
1967 2219 2042 2249 dicit.

269 2273 344 2301 alter
367 2271 473 2301 eodem
496 2270 598 2309 modo,
621 2270 679 2299 nisi
703 2269 796 2307 quod,
820 2269 903 2307 dicat,
927 2278 988 2298 non
1012 2269 1085 2297 dicit.
1131 2268 1342 2305 Buslidianus,
1375 2267 1400 2295 si
1433 2266 1495 2305 quis
1518 2275 1548 2294 se
1570 2266 1665 2294 senior
1692 2264 1849 2293 oduoeotus
1877 2262 2045 2292 adolescenti

268 2323 415 2353 superesse
438 2313 521 2343 dicat.
555 2311 590 2343 τὸ
619 2323 658 2351 se,
687 2314 812 2350 propter
841 2311 975 2341 eiusdem
1006 2311 1142 2349 syllabae
1171 2311 1201 2339 in
1224 2310 1361 2348 proximo
1383 2309 1477 2338 verbo
1501 2309 1604 2345 senior,
1627 2307 1839 2345 repetitionem
1861 2306 1892 2335 in
1913 2305 2043 2343 vulgatis

267 2358 352 2386 libris
386 2359 404 2386 a
436 2357 558 2386 librario
593 2356 649 2385 fuit
681 2355 935 2393 praetermissum.
981 2363 1058 2391 quae
1091 2354 1232 2391 repetitio
1255 2353 1388 2391 nimium,
1423 2351 1511 2381 sicuti
1539 2351 1615 2389 ipsis
1637 2351 1798 2380 videbatur
1835 2349 1990 2386 inelegans
2012 2351 2045 2377 vt

267 2401 420 2438 vitaretur,
449 2399 636 2437 particulam,
665 2408 746 2436 nunc,
775 2398 961 2436 posteriores
989 2397 1211 2426 interiecerunt.
1253 2396 1296 2425 sic
1326 2396 1403 2425 enim
1432 2395 1547 2424 habent
1575 2394 1740 2431 antiquitus
1764 2392 1836 2422 editi
1860 2391 1997 2429 codicesz,
2019 2392 2044 2420 si

268 2443 330 2481 quis
362 2452 391 2471 se
424 2452 496 2471 nune
518 2443 613 2471 senior
646 2441 803 2470 aduocatus
826 2440 995 2469 adolescenti
1017 2448 1165 2478 superesse
1188 2439 1263 2468 dicat
1291 2447 1381 2476 quam
1409 2437 1586 2476 particulam
1607 2437 1709 2465 nullae
1731 2436 1932 2473 membranae,
1967 2442 2044 2471 quas

268 2485 340 2523 vidi,
363 2487 481 2515 norunt.
516 2485 547 2514 in
569 2493 637 2514 mea
659 2484 792 2513 editione
814 2483 908 2512 verba
930 2493 990 2512 non
1023 2482 1098 2512 nihil
1127 2482 1164 2511 ab
1195 2482 1295 2519 operis
1331 2483 1399 2510 sunt
1430 2480 1624 2518 transposita.
1663 2479 1848 2516 adnotatam,
1881 2487 1921 2515 se,
1955 2477 2044 2506 inter-
