2138 2748
282 257 302 288 8
890 252 983 280 LVD.
1004 252 1225 280 GARRIONIS
1242 253 1380 280 NOTAE
1397 253 1447 280 IN

282 341 363 371 libro.
409 325 602 370 Ouiacianum
624 341 731 370 librum
754 341 943 371 membranas
966 342 1096 380 optimas
1119 341 1145 370 ἀ
1167 343 1308 371 lemmata
1328 342 1472 372 librorum
1494 343 1622 372 Puteani
1643 352 1708 372 sum
1723 345 1861 372 secutus:
1885 342 1912 371 ἀ
1934 342 2060 380 scripsi3

282 383 488 423 quartodecimo
511 383 720 413 Humanarum.

433 443 468 473 L.
491 443 641 481 Laelium]
686 452 748 472 non
770 443 888 472 variant
911 444 1070 475 editiones.
1114 445 1293 474 Buslidiano
1310 443 1397 474 deest
1411 453 1606 482 praenomen,
1630 444 1655 474 ἀ
1669 445 1777 483 habet3
1800 443 1919 475 Aelium.
1944 445 2059 482 scribet,

186 499 213 524 p.
233 492 265 517 86
283 487 316 515 L.
340 484 460 516 Aelium.
493 486 636 515 videlicet
661 486 791 516 litteram
818 486 1010 523 singular-iam
1037 488 1242 525 praenominis
1271 487 1502 525 designatricem
1531 489 1669 525 sequenti
1694 486 1697 528 1
1721 488 1790 517 voci
1812 487 1972 517 cohaesam
1994 487 2060 517 vitii

182 1607 210 1633 p.
230 1599 263 1624 87

213 1694 264 1728 §2

282 529 401 566 culpam
423 529 588 567 sustinere,
612 529 696 566 quod
717 529 748 558 in
771 529 808 558 A.
833 528 931 559 Gellio
955 530 1066 559 scimus
1089 531 1239 560 euenisse.
1283 530 1434 567 Loquitur
1466 530 1504 559 de
1536 530 1572 559 L.
1600 531 1687 560 Aelio
1717 530 1831 560 Stilone
1853 530 2058 560 Praeconino:

282 580 371 609 quem
393 574 426 600 vt
446 572 496 601 hic
518 571 708 601 doctissimum
729 575 793 601 tunc
815 573 935 601 ciuitatis
956 573 1103 610 hominem,
1127 573 1276 611 appellat:
1299 573 1342 602 ita
1361 573 1440 602 infra
1455 573 1532 602 libro
1547 573 1613 602 XX.
1633 582 1700 611 cap.
1716 573 1759 602 XI
1781 573 1880 612 [immo
1896 573 1933 611 X,
1951 573 2002 612 21,
2018 573 2059 612 21.

282 615 471 644 doctissimum
492 624 590 643 eorum
611 618 767 652 temporum
789 614 885 645 fuisse
909 615 997 645 dicet.
1030 615 1055 644 ἀ
1089 616 1126 644 de
1161 625 1207 653 eo,
1241 625 1302 645 non
1336 615 1373 644 de
1404 616 1521 654 Laelio,
1554 617 1640 653 loqui
1663 616 1793 646 Gellium
1816 616 1905 645 docet
1925 615 2060 655 Lemma,

284 658 353 686 dum
376 658 520 686 Varronis
543 658 717 695 magistrum
740 660 839 696 vocat,
863 667 952 695 quem
974 658 1009 687 L.
1033 658 1151 687 Aelium
1175 659 1270 688 fuisse
1293 667 1381 687 nemo
1404 659 1511 689 nescit.
1545 659 1616 688 vide
1648 659 1799 696 Antiquas
1832 660 1953 688 nostras
1981 667 2060 688 com-

281 701 426 730 mentario
448 700 554 738 primo.
579 709 645 738 cap.
668 701 751 729 VIII.

433 759 591 788 traductum
619 759 659 788 ad
685 758 827 797 Linquam
853 759 1035 797 Romanam]
1088 769 1191 790 omnes
1220 760 1386 798 editiones3
1413 761 1569 790 traductum
1598 761 1627 790 in
1653 759 1796 799 Linquam
1823 760 1984 790 Romanam
2002 769 2060 800 pro

282 812 405 833 meraco.
438 802 522 840 illud,
556 812 708 840 meracum,
745 802 818 839 quid
841 802 880 831 sit
906 803 1026 831 nescio:
1060 811 1160 840 neque
1189 803 1278 833 facile
1301 804 1383 832 illius
1412 804 1496 833 vocis
1519 813 1605 833 vsum
1627 805 1840 841 praeterquam
1861 804 1893 833 in
1914 804 1985 833 vino
2010 804 2062 833 de-

281 846 463 885 prehendas.
497 845 607 874 deinde
630 845 657 874 si
679 854 821 873 meracum
843 854 898 882 pro
918 854 994 883 puro
1017 845 1160 884 accipias,
1184 846 1272 883 quasi
1295 845 1411 875 Gellius
1432 847 1562 875 voluerit
1582 846 1618 877 L.
1640 846 1759 875 Aelium
1774 847 1897 876 verbum
1913 846 2061 877 Graecum

280 890 447 919 traductum
470 888 501 917 in
522 888 654 925 linguam
678 886 814 916 Latinam
837 888 994 925 accepisse
1017 890 1169 925 tamquam
1194 889 1219 917 si
1247 889 1328 918 mere
1353 888 1378 917 ἀ
1401 890 1475 926 pure
1498 890 1665 930 Romanum
1689 891 1780 927 esset,
1805 889 1956 927 quomodo
1989 890 2059 919 sub-

281 933 386 969 iungit,
421 931 510 968 quasi
543 932 562 959 a
596 939 628 959 se
661 930 799 967 primitus
832 930 939 959 Latine
972 930 1093 960 fictum?
1128 932 1180 968 qui
1209 932 1287 960 enim
1309 932 1409 969 potuit
1430 932 1536 961 Aelius
1559 931 1660 961 dicere
1682 941 1787 961 vocem
1812 932 1978 970 antiquitus
1999 932 2060 962 Ro-

280 984 399 1004 manam
423 982 501 1011 esse,
525 972 550 1001 &
574 982 638 1001 eam
661 976 763 1001 tamen
786 974 804 1001 a
827 982 859 1002 se
882 973 1020 1011 primitus
1043 973 1150 1002 Latine
1173 973 1292 1003 fictam?
1325 983 1424 1012 nugae
1455 975 1606 1012 persolae.
1639 975 1768 1012 primum
1797 984 1854 1013 pro
1875 984 1999 1014 meraco,
2028 975 2060 1004 in

281 1018 372 1047 nullis
396 1019 442 1046 est
463 1016 643 1048 membranis
668 1015 693 1044 &
715 1015 794 1044 vnde
818 1016 857 1045 sit
878 1018 980 1045 natum
1002 1026 1082 1046 nunc
1105 1017 1272 1046 ostendam.
1307 1017 1418 1047 deinde
1440 1026 1478 1047 ne
1509 1027 1544 1046 ea
1574 1017 1706 1055 quidem,
1734 1021 1759 1046 et
1781 1018 1865 1056 qnasi
1887 1018 1906 1046 ὰ
1927 1023 1968 1054 80,
1989 1017 2060 1048 libri

281 1059 477 1097 manuscripti
497 1061 615 1088 norunt.
648 1061 801 1096 postremo
826 1059 947 1097 scripsit
970 1058 1102 1105 Gellius3
1121 1059 1243 1097 proinde
1266 1063 1348 1099 atque
1370 1061 1395 1089 si
1414 1061 1555 1098 primitus.
1578 1069 1640 1090 rem
1663 1061 1762 1098 ipsam
1783 1062 1893 1090 testem
1915 1060 2006 1091 dabo.

430 1109 554 1149 proinde
576 1113 658 1148 alque
680 1110 725 1147 sul]
770 1113 799 1138 in
831 1108 973 1147 Linyuam
1005 1110 1168 1140 Romanam
1197 1110 1320 1150 proinde
1354 1114 1436 1150 atque
1468 1112 1494 1140 si
1523 1112 1654 1149 primitus
1687 1111 1820 1140 Latinum
1845 1111 1959 1149 sactum
1980 1115 2061 1141 esset.

283 1154 431 1192 quaedam
454 1153 655 1182 membranae.
699 1151 860 1181 Romanam
874 1153 1001 1190 proinde
1024 1157 1106 1191 atque
1127 1155 1153 1182 si
1175 1155 1194 1182 ὰ
1215 1163 1246 1182 ae
1264 1155 1406 1192 primitus.
1458 1154 1638 1184 Cuiacianus
1668 1155 1693 1184 ἀ
1725 1164 1802 1184 vnus
1829 1155 1973 1194 Puteani,
2005 1154 2063 1184 Ro-

282 1207 397 1226 manam
415 1198 600 1235 promeatque
622 1204 661 1225 se.
696 1196 773 1224 alter
793 1195 936 1233 Puteani,
956 1199 1122 1233 pmeratque
1144 1206 1183 1225 se.
1218 1197 1408 1226 membranae
1437 1198 1585 1235 optimae:¹
1614 1198 1701 1236 proin
1735 1200 1827 1235 atque.
1861 1197 1946 1235 quod
1971 1197 2062 1235 signi-

282 1240 366 1277 ficat3
386 1238 508 1278 proinde
531 1241 622 1276 atque.
657 1238 744 1267 vides
767 1240 856 1267 notas
879 1238 935 1268 has
958 1239 1124 1276 scripturae
1146 1239 1278 1269 librariis
1302 1240 1421 1269 errandi
1444 1240 1689 1269 subministrasse
1712 1240 1903 1270 occasionem
1930 1240 1956 1269 ἃ
1978 1241 2063 1279 illud,

279 1292 335 1321 pro
358 1291 482 1319 meraco,
506 1281 682 1310 extorsisse.
737 1281 815 1310 liber
836 1281 1047 1319 Buslidianus3
1066 1282 1187 1320 perinde
1210 1285 1302 1320 atque.
1336 1283 1462 1320 reliquis
1484 1283 1555 1319 illis,
1578 1286 1610 1311 vt
1634 1283 1706 1320 dixi,
1730 1283 1860 1312 omissis.
1890 1282 2000 1313 deinde
2022 1291 2063 1320 se,

282 1335 336 1364 pro
360 1326 394 1362 si,
423 1325 454 1354 in
476 1324 658 1353 membranis
684 1324 818 1361 positum
840 1324 913 1353 fecit
935 1326 967 1353 vt
988 1325 1206 1363 adiiceretur,et
1233 1326 1316 1363 quasi
1342 1326 1360 1353 ὰ
1388 1334 1427 1354 se.
1463 1334 1541 1363 quae
1565 1326 1712 1363 scriptura
1741 1325 1811 1355 falsi
1843 1325 1960 1363 liquido
1991 1335 2063 1356 con-

284 1369 423 1398 uincitur.
458 1367 580 1405 scripsit
603 1366 735 1404 Gellius,
755 1366 878 1404 proinde
901 1371 983 1405 atque
1005 1368 1039 1397 si.
1073 1368 1204 1405 probant
1225 1369 1319 1397 verba
1343 1368 1484 1398 Varronis
1507 1368 1539 1406 [ξ
1564 1369 1604 1406 2].
1633 1369 1663 1397 in
1687 1369 1796 1406 quibus
1820 1371 1883 1406 est,
1914 1367 2064 1399 verborum

284 1412 462 1450 antiquorum
488 1409 664 1439 Graecorum
683 1409 807 1448 proinde
830 1413 911 1448 atque
938 1411 963 1438 ai
991 1413 1081 1438 essent
1103 1411 1228 1449 propria
1261 1414 1359 1440 nostra
1393 1419 1498 1440 causas
1526 1411 1649 1440 reddidit
1667 1411 1776 1449 salsas.

432 1461 568 1500 primitus
590 1460 692 1490 Latine
705 1461 827 1498 fictum]
862 1461 940 1490 liber
966 1461 1178 1499 Busiidianus,
1203 1462 1287 1499 prius
1309 1461 1444 1491 Latinum
1457 1463 1571 1499 sactum
1586 1465 1673 1491 esset.
1707 1463 1823 1500 scribo,
1852 1463 1984 1501 primitus
2006 1462 2063 1492 La-

282 1506 369 1535 tinum
394 1505 507 1542 factum
541 1507 620 1532 esset.
666 1503 691 1532 ἃ
723 1504 766 1532 ita
800 1503 907 1532 excudi
936 1504 1028 1534 volui.
1068 1504 1138 1533 vide
1165 1505 1290 1542 Antiqu.
1334 1507 1454 1534 nostras
1488 1505 1540 1534 lib.
1569 1505 1626 1535 111.
1660 1514 1726 1543 cap.
1755 1505 1850 1535 XVII.
1883 1505 1936 1535 vbi
1963 1507 2064 1536 tamen

282 1557 440 1587 operarum
461 1547 535 1576 vitia
555 1546 700 1576 nonnulla
720 1549 880 1575 mutarunt.

434 1598 549 1627 resoluit
571 1598 600 1626 in
622 1598 724 1635 voces.]
771 1598 902 1635 optimae
924 1598 1116 1627 membranae
1140 1597 1165 1627 ἀ
1188 1597 1399 1637 Buslidianus3
1425 1596 1427 1638 Ι
1452 1599 1609 1628 resoluerit.
1653 1599 1725 1628 item
1747 1599 1778 1628 in
1801 1599 1983 1637 quibusdam
2004 1602 2063 1638 est,

281 1643 456 1680 scripsimus,
479 1650 547 1679 pro,
567 1641 725 1678 posuimus.

430 1692 551 1731 perinde
573 1692 675 1730 atqua]
723 1700 827 1721 omnes
859 1692 943 1729 libri,
973 1692 1096 1730 proinde
1129 1696 1221 1731 atque.
1256 1693 1388 1730 optimae
1410 1693 1617 1731 membranae,
1647 1692 1770 1731 proinde
1803 1696 1886 1732 atque
1911 1694 1938 1722 εἰ
1964 1697 2063 1724 essent.

283 1735 703 1809 guzssbiindtiztdtiltirtlingzugplsstra
727 1743 838 1772 operae
859 1736 1057 1772 neglexerunt
1080 1736 1257 1773 exprimere.
1302 1736 1349 1764 De
1372 1736 1425 1765 illa
1446 1745 1519 1765 vero
1543 1735 1690 1773 loquendi
1713 1736 1830 1765 ratione
1853 1736 1914 1766 iam
1935 1736 2066 1766 diximus

436 1830 578 1867 antiquum
603 1828 764 1867 Graecum]
809 1829 892 1858 nulla
919 1829 967 1858 hic
995 1829 1025 1858 in
1060 1829 1243 1859 editionibus
1273 1830 1397 1867 lacuna,
1430 1830 1543 1859 nullum
1577 1829 1715 1859 defectus
1749 1830 1875 1860 alicuius
1908 1830 1939 1860 in
1971 1840 2064 1860 mem-

283 1873 386 1902 branis
420 1873 547 1910 signum.
594 1871 740 1901 &tamen
778 1872 896 1901 videtur
927 1881 987 1901 vox
1010 1873 1113 1909 aliqua
1145 1873 1294 1902 vetustior
1321 1872 1438 1902 Graeca
1466 1872 1642 1910 desiderari,
1672 1881 1750 1910 quae
1779 1873 1914 1911 leporem
1935 1872 2063 1903 Graecis

285 1916 459 1953 designarit.
492 1914 555 1943 vidi
579 1915 630 1952 qui
652 1913 757 1950 λέποις
777 1917 947 1952 reponeret.
982 1915 1019 1944 de
1044 1924 1103 1952 quo
1127 1915 1202 1944 nihil
1223 1915 1322 1945 habeo
1346 1925 1537 1953 asseuerare,
1567 1924 1633 1945 cum
1655 1925 1712 1945 nec
1738 1916 1769 1944 in
1797 1916 1951 1946 veteribus
1976 1916 2062 1946 libris

285 1967 342 1988 nec
375 1958 457 1996 apud
490 1958 677 1994 antiquiores
712 1958 875 1995 scriptores
898 1958 1058 1988 inueniam.
1091 1959 1232 1988 meliores
1255 1958 1430 1996 prodissent
1452 1957 1580 1988 Varroni
1604 1958 1642 1987 de
1663 1967 1697 1987 re
1718 1959 1832 1988 rustica
1853 1959 1938 1988 libri:
1961 1960 2063 1989 nullus

285 2003 414 2031 restaret
436 2001 605 2038 scrupulus.
646 2000 752 2029 eadem
781 2001 859 2029 enim
887 2001 930 2030 ibi
961 2001 1112 2038 repetiuit.
1149 2001 1204 2030 sed
1232 2010 1360 2031 necesse
1383 2004 1430 2031 est
1451 2002 1544 2031 verba
1565 2010 1729 2039 apponere.
1763 2004 1826 2031 tum
1847 2003 1880 2031 vt
1901 2004 1983 2032 recte
2004 2011 2062 2032 nos

285 2044 320 2075 L.
355 2043 461 2081 Aelius,
494 2052 561 2081 pro,
595 2042 711 2072 Laelius
733 2043 893 2081 scripsisse
925 2044 1124 2082 intelligatur,
1157 2047 1219 2073 tum
1246 2046 1278 2073 vt
1312 2045 1379 2074 aliis
1403 2045 1456 2081 qui
1477 2044 1733 2082 maiorehingenio
1757 2044 1783 2073 ἃ
1811 2045 1927 2074 acriore
1949 2045 2061 2075 iudicio

287 2089 357 2116 sunt
388 2086 518 2124 praediti
551 2086 676 2115 meliora
709 2086 955 2115 comminiscendi
988 2086 1075 2115 detur
1108 2087 1238 2118 occasio.
1282 2086 1316 2117 L.
1346 2086 1458 2126 Aelius,
1491 2087 1590 2124 inquit
1625 2086 1720 2116 Varro
1743 2087 1819 2116 libro
1841 2087 1930 2117 tertio
1961 2088 1998 2126 [c.
2025 2088 2062 2117 12

287 2130 307 2168 ξ
332 2130 359 2167 6]
385 2130 422 2158 de
445 2138 477 2158 re
498 2129 621 2167 rustica,
646 2128 767 2167 putabat
794 2128 830 2157 ab
859 2138 890 2158 eo
915 2129 1016 2158 dictum
1039 2129 1162 2167 leporem
1191 2131 1208 2158 ἰι
1237 2130 1423 2168 celeritadine,
1452 2130 1528 2168 quod
1554 2130 1660 2168 leuipes
1688 2133 1767 2160 esset.
1811 2129 1875 2168 Eyo
1898 2129 2023 2160 arbitror
2045 2132 2062 2159 ὰ
2097 2160 2101 2167 ,

287 2172 398 2201 Graeco
421 2171 558 2201 vocabulo
581 2172 695 2210 antiquo
718 2172 794 2210 quod
815 2181 877 2200 eum
900 2172 1000 2201 Aeoles
1022 2171 1133 2201 Boeotii
1154 2170 1279 2212 λὲποριν
1301 2172 1491 2211 appellabant.
1525 2174 1628 2202 monet
1650 2172 1843 2202 doctissimus
1858 2172 1884 2202 ἃ
1904 2173 2066 2203 modestis-

287 2216 380 2244 simus
403 2215 553 2244 Victorius
583 2215 737 2251 antiquam
765 2215 925 2244 lectionem
953 2215 1103 2244 diuersam
1133 2224 1201 2245 esse
1225 2215 1250 2244 δι
1278 2215 1367 2245 valde
1389 2216 1609 2254 perturbatam,
1635 2214 1732 2244 Aeolis
1754 2219 1779 2244 et
1801 2215 1903 2245 bonum
1924 2216 2062 2254 leporum.

287 2259 303 2287 e
328 2267 387 2295 quo
412 2257 485 2294 quid
509 2258 571 2286 erui
593 2257 693 2295 possit
714 2258 829 2287 nescio.
863 2267 931 2286 nam
955 2258 1066 2287 frustra
1089 2260 1136 2287 est
1157 2259 1203 2287 vir
1225 2258 1333 2288 doctus
1357 2259 1410 2296 qui
1431 2255 1551 2298 λιπόρις
1566 2258 1631 2287 siue
1647 2256 1785 2298 λιπόῤῥις
1801 2258 1889 2296 quasi
1904 2259 2060 2297 epitheton

288 2303 305 2329 a
327 2301 462 2330 Varrone
484 2301 616 2338 positum
636 2301 742 2339 fuisse,
764 2301 925 2338 ipsumque
947 2300 1112 2330 Varronem
1141 2303 1159 2330 a
1186 2304 1278 2339 poeta
1306 2302 1409 2331 nescio
1438 2310 1499 2338 quo
1522 2301 1672 2339 hausisse,
1702 2302 1754 2338 qui
1777 2301 1895 2339 dixerit,
1919 2299 2061 2342 λιπόρινα

287 2341 420 2383 λαγωόν,
444 2344 584 2381 opinatus
609 2346 664 2373 est.
698 2352 797 2381 neque
832 2344 909 2372 enim
943 2343 1001 2372 hoc
1034 2343 1144 2381 agebat
1166 2345 1260 2374 Varro
1283 2347 1316 2373 vt
1338 2344 1495 2382 epitheton
1517 2344 1643 2381 aliquod
1663 2344 1777 2382 leporis
1800 2344 1983 2383 ostenderet,
2005 2345 2062 2374 sed

287 2388 319 2414 vt
351 2386 426 2415 illud
458 2387 557 2424 ipsum
579 2387 769 2424 vocabulum,
792 2387 880 2424 lepus,
903 2395 964 2415 non
987 2386 1127 2416 Latinum
1148 2396 1249 2424 neque
1272 2388 1288 2416 e
1310 2387 1418 2417 Latino
1453 2387 1671 2417 consumatum
1704 2387 1760 2416 sed
1791 2389 1879 2416 vetus
1913 2386 2061 2418 Graecum

289 2438 357 2458 esse
381 2429 614 2458 demonstraret:
638 2429 721 2466 quod
744 2438 781 2458 ex
802 2429 861 2459 hoc
882 2429 949 2467 ipso
975 2429 1119 2459 Varronis
1142 2430 1224 2468 apud
1247 2430 1376 2460 Gellium
1398 2431 1466 2460 loco
1491 2429 1517 2458 &
1538 2430 1590 2459 illo
1625 2430 1663 2459 de
1695 2439 1729 2459 re
1754 2430 1866 2460 rustica
1886 2430 1946 2460 ism
1969 2431 2062 2460 citato

289 2472 391 2501 doceri
411 2474 522 2509 potest.
561 2472 655 2509 quid?
679 2473 761 2509 quod
782 2470 907 2512 λὲποριν
930 2472 1077 2502 Graecum
1100 2482 1169 2502 esse
1192 2473 1346 2511 antiquum
1374 2483 1429 2511 pro
1452 2474 1557 2511 lepore
1578 2473 1660 2502 idem
1681 2473 1776 2502 Varro
1797 2473 1875 2502 libro
1898 2473 1936 2503 de
1959 2474 2063 2512 lingua
