<?xml version="1.0" encoding="UTF-8"?>
<!DOCTYPE html PUBLIC "-//W3C//DTD XHTML 1.0 Transitional//EN"
    "http://www.w3.org/TR/xhtml1/DTD/xhtml1-transitional.dtd">
<html xmlns="http://www.w3.org/1999/xhtml" xml:lang="en" lang="en">
 <head>
  <title>
</title>
<meta http-equiv="Content-Type" content="text/html;charset=utf-8" />
  <meta name='ocr-system' content='tesseract 3.04.00' />
  <meta name='ocr-capabilities' content='ocr_page ocr_carea ocr_par ocr_line ocrx_word'/>
</head>
<body>
  <div class='ocr_page' id='page_1' title='image "./ueberdieentstehu00benfuoft_0398.png"; bbox 0 0 2138 2748; ppageno 0'>
   <div class='ocr_carea' id='block_1_1' title="bbox 1164 245 1205 279">
    <p class='ocr_par' dir='ltr' id='par_1_1' title="bbox 1164 245 1205 279">
     <span class='ocr_line' id='line_1_1' title="bbox 1164 245 1205 279; baseline 0 0"><span class='ocrx_word' id='word_1_1' title='bbox 1164 245 1205 279; x_wconf 72' lang='lat'>32</span> 
     </span>
    </p>
   </div>
   <div class='ocr_carea' id='block_1_2' title="bbox 1082 292 1283 295">
    <p class='ocr_par' dir='ltr' id='par_1_2' title="bbox 1082 292 1283 295">
     <span class='ocr_line' id='line_1_2' title="bbox 1082 292 1283 295; baseline 0 0"><span class='ocrx_word' id='word_1_2' title='bbox 1082 292 1283 295; x_wconf 95' lang='lat' dir='ltr'> </span> 
     </span>
    </p>
   </div>
   <div class='ocr_carea' id='block_1_3' title="bbox 586 418 1782 463">
    <p class='ocr_par' dir='ltr' id='par_1_3' title="bbox 586 418 1782 463">
     <span class='ocr_line' id='line_1_3' title="bbox 586 418 1782 463; baseline -0.001 0"><span class='ocrx_word' id='word_1_3' title='bbox 586 419 747 463; x_wconf 87' lang='lat' dir='ltr'>ORDO</span> <span class='ocrx_word' id='word_1_4' title='bbox 781 418 1230 462; x_wconf 86' lang='lat' dir='ltr'>THEOLOGORUM</span> <span class='ocrx_word' id='word_1_5' title='bbox 1260 418 1782 462; x_wconf 87' lang='lat' dir='ltr'>EVANGELIGORUM.</span> 
     </span>
    </p>
   </div>
   <div class='ocr_carea' id='block_1_4' title="bbox 1105 517 1257 521">
    <p class='ocr_par' dir='ltr' id='par_1_4' title="bbox 1105 517 1257 521">
     <span class='ocr_line' id='line_1_4' title="bbox 1105 517 1257 521; baseline 0 0"><span class='ocrx_word' id='word_1_6' title='bbox 1105 517 1257 521; x_wconf 95' lang='lat' dir='ltr'> </span> 
     </span>
    </p>
   </div>
   <div class='ocr_carea' id='block_1_5' title="bbox 290 573 2070 763">
    <p class='ocr_par' dir='ltr' id='par_1_5' title="bbox 290 573 2070 763">
     <span class='ocr_line' id='line_1_5' title="bbox 444 573 2070 617; baseline -0.001 -9"><span class='ocrx_word' id='word_1_7' title='bbox 444 575 677 608; x_wconf 87' lang='lat' dir='ltr'>GEORGIUS</span> <span class='ocrx_word' id='word_1_8' title='bbox 706 574 969 607; x_wconf 90' lang='lat' dir='ltr'>LUDOVICUS</span> <span class='ocrx_word' id='word_1_9' title='bbox 1000 575 1140 612; x_wconf 84' lang='lat' dir='ltr'>HAHN,</span> <span class='ocrx_word' id='word_1_10' title='bbox 1166 575 1222 606; x_wconf 92' lang='lat' dir='ltr'>Dr.</span> <span class='ocrx_word' id='word_1_11' title='bbox 1240 574 1275 606; x_wconf 85' lang='lat' dir='ltr'>P.</span> <span class='ocrx_word' id='word_1_12' title='bbox 1293 574 1327 605; x_wconf 90' lang='lat' dir='ltr'>P.</span> <span class='ocrx_word' id='word_1_13' title='bbox 1346 573 1387 606; x_wconf 92' lang='grc' dir='ltr'><strong>Ο.</strong></span> <span class='ocrx_word' id='word_1_14' title='bbox 1410 574 1443 607; x_wconf 93' lang='lat' dir='ltr'>h.</span> <span class='ocrx_word' id='word_1_15' title='bbox 1467 578 1489 607; x_wconf 89' lang='lat' dir='ltr'>t.</span> <span class='ocrx_word' id='word_1_16' title='bbox 1510 574 1592 606; x_wconf 90' lang='lat' dir='ltr'>Dec.</span> <span class='ocrx_word' id='word_1_17' title='bbox 1637 574 1813 606; x_wconf 81' lang='lat' dir='ltr'>Publice</span> <span class='ocrx_word' id='word_1_18' title='bbox 1835 574 1860 606; x_wconf 97' lang='grc' dir='ltr'>Ι.</span> <span class='ocrx_word' id='word_1_19' title='bbox 1904 575 2070 617; x_wconf 76' lang='lat' dir='ltr'>Epistulas</span> 
     </span>
     <span class='ocr_line' id='line_1_6' title="bbox 290 625 2069 669; baseline -0.001 -10"><span class='ocrx_word' id='word_1_20' title='bbox 290 629 385 660; x_wconf 77' lang='lat' dir='ltr'>Pauli</span> <span class='ocrx_word' id='word_1_21' title='bbox 396 629 541 669; x_wconf 85' lang='lat' dir='ltr'>priorem</span> <span class='ocrx_word' id='word_1_22' title='bbox 561 628 603 660; x_wconf 82' lang='lat' dir='ltr'>ad</span> <span class='ocrx_word' id='word_1_23' title='bbox 617 627 810 659; x_wconf 79' lang='lat' dir='ltr'><strong><em>Timotheum</em></strong></span> <span class='ocrx_word' id='word_1_24' title='bbox 827 630 855 659; x_wconf 86' lang='lat' dir='ltr'>et</span> <span class='ocrx_word' id='word_1_25' title='bbox 871 627 913 658; x_wconf 88' lang='lat' dir='ltr'>ad</span> <span class='ocrx_word' id='word_1_26' title='bbox 927 627 1030 658; x_wconf 79' lang='lat' dir='ltr'>Titum</span> <span class='ocrx_word' id='word_1_27' title='bbox 1046 628 1138 659; x_wconf 83' lang='lat' dir='ltr'>datas</span> <span class='ocrx_word' id='word_1_28' title='bbox 1154 626 1430 668; x_wconf 83' lang='lat' dir='ltr'><strong>interpretabitur</strong></span> <span class='ocrx_word' id='word_1_29' title='bbox 1446 625 1477 658; x_wconf 88' lang='lat' dir='ltr'>d.</span> <span class='ocrx_word' id='word_1_30' title='bbox 1491 625 1562 657; x_wconf 81' lang='lat' dir='ltr'>Sat.</span> <span class='ocrx_word' id='word_1_31' title='bbox 1578 625 1611 657; x_wconf 88' lang='lat' dir='ltr'>h.</span> <span class='ocrx_word' id='word_1_32' title='bbox 1625 625 1684 658; x_wconf 89' lang='lat' dir='ltr'>IX.</span> <span class='ocrx_word' id='word_1_33' title='bbox 1698 630 1732 657; x_wconf 90' lang='lat' dir='ltr'>et</span> <span class='ocrx_word' id='word_1_34' title='bbox 1743 625 1786 658; x_wconf 90' lang='lat' dir='ltr'>X.</span> <span class='ocrx_word' id='word_1_35' title='bbox 1813 625 2012 658; x_wconf 83' lang='lat' dir='ltr'><strong>Privatim</strong></span> <span class='ocrx_word' id='word_1_36' title='bbox 2028 626 2069 658; x_wconf 90' lang='grc' dir='ltr'>ΙΙ.</span> 
     </span>
     <span class='ocr_line' id='line_1_7' title="bbox 290 675 2069 720; baseline -0.001 -9"><span class='ocrx_word' id='word_1_37' title='bbox 290 680 499 720; x_wconf 79' lang='lat' dir='ltr'>Evanyelium</span> <span class='ocrx_word' id='word_1_38' title='bbox 510 679 663 711; x_wconf 74' lang='lat' dir='ltr'><strong><em>Matthaei</em></strong></span> <span class='ocrx_word' id='word_1_39' title='bbox 683 677 959 720; x_wconf 81' lang='lat' dir='ltr'>interpretabitur</span> <span class='ocrx_word' id='word_1_40' title='bbox 982 677 1014 710; x_wconf 90' lang='lat' dir='ltr'>d.</span> <span class='ocrx_word' id='word_1_41' title='bbox 1038 677 1122 710; x_wconf 90' lang='lat' dir='ltr'>Lun.</span> <span class='ocrx_word' id='word_1_42' title='bbox 1145 677 1244 709; x_wconf 84' lang='lat' dir='ltr'>Mart.</span> <span class='ocrx_word' id='word_1_43' title='bbox 1267 676 1371 710; x_wconf 90' lang='lat' dir='ltr'>Merc.</span> <span class='ocrx_word' id='word_1_44' title='bbox 1394 677 1466 709; x_wconf 88' lang='lat' dir='ltr'>Iov.</span> <span class='ocrx_word' id='word_1_45' title='bbox 1491 676 1576 708; x_wconf 89' lang='lat' dir='ltr'>Ven.</span> <span class='ocrx_word' id='word_1_46' title='bbox 1599 675 1631 708; x_wconf 94' lang='lat' dir='ltr'>h.</span> <span class='ocrx_word' id='word_1_47' title='bbox 1648 677 1688 709; x_wconf 90' lang='lat' dir='ltr'>X.</span> <span class='ocrx_word' id='word_1_48' title='bbox 1722 676 1778 709; x_wconf 91' lang='lat'>111.</span> <span class='ocrx_word' id='word_1_49' title='bbox 1801 677 2069 710; x_wconf 80' lang='lat' dir='ltr'>Introductionem</span> 
     </span>
     <span class='ocr_line' id='line_1_8' title="bbox 290 727 1609 763; baseline -0.002 0"><span class='ocrx_word' id='word_1_50' title='bbox 290 732 326 762; x_wconf 83' lang='lat' dir='ltr'>in</span> <span class='ocrx_word' id='word_1_51' title='bbox 347 731 473 763; x_wconf 76' lang='lat' dir='ltr'>Novum</span> <span class='ocrx_word' id='word_1_52' title='bbox 488 731 718 763; x_wconf 73' lang='lat' dir='ltr'><strong><em>Testamentum</em></strong></span> <span class='ocrx_word' id='word_1_53' title='bbox 741 729 854 761; x_wconf 81' lang='lat' dir='ltr'>tradet</span> <span class='ocrx_word' id='word_1_54' title='bbox 877 728 908 761; x_wconf 92' lang='lat' dir='ltr'>d.</span> <span class='ocrx_word' id='word_1_55' title='bbox 931 729 1016 761; x_wconf 91' lang='lat' dir='ltr'>Lun.</span> <span class='ocrx_word' id='word_1_56' title='bbox 1040 728 1139 760; x_wconf 82' lang='lat' dir='ltr'>Mart.</span> <span class='ocrx_word' id='word_1_57' title='bbox 1162 728 1266 761; x_wconf 74' lang='lat' dir='ltr'>Mero.</span> <span class='ocrx_word' id='word_1_58' title='bbox 1289 729 1361 761; x_wconf 87' lang='lat' dir='ltr'>Iov.</span> <span class='ocrx_word' id='word_1_59' title='bbox 1384 727 1471 760; x_wconf 90' lang='lat' dir='ltr'>Ven.</span> <span class='ocrx_word' id='word_1_60' title='bbox 1495 728 1528 761; x_wconf 91' lang='lat' dir='ltr'>h.</span> <span class='ocrx_word' id='word_1_61' title='bbox 1551 729 1609 761; x_wconf 90' lang='lat' dir='ltr'>IX.</span> 
     </span>
    </p>
   </div>
   <div class='ocr_carea' id='block_1_6' title="bbox 292 787 2074 883">
    <p class='ocr_par' dir='ltr' id='par_1_6' title="bbox 292 787 2074 883">
     <span class='ocr_line' id='line_1_9' title="bbox 441 787 2072 828; baseline -0.001 -6"><span class='ocrx_word' id='word_1_62' title='bbox 441 790 592 823; x_wconf 89' lang='lat' dir='ltr'>IULIUS</span> <span class='ocrx_word' id='word_1_63' title='bbox 626 788 954 822; x_wconf 88' lang='lat' dir='ltr'>FERDINANDUS</span> <span class='ocrx_word' id='word_1_64' title='bbox 978 788 1228 828; x_wconf 85' lang='lat' dir='ltr'>RAEBIGER,</span> <span class='ocrx_word' id='word_1_65' title='bbox 1258 788 1316 820; x_wconf 92' lang='lat' dir='ltr'>Dr.</span> <span class='ocrx_word' id='word_1_66' title='bbox 1340 787 1376 819; x_wconf 89' lang='lat' dir='ltr'>P.</span> <span class='ocrx_word' id='word_1_67' title='bbox 1399 787 1436 819; x_wconf 92' lang='lat' dir='ltr'>P.</span> <span class='ocrx_word' id='word_1_68' title='bbox 1460 787 1501 820; x_wconf 93' lang='grc' dir='ltr'><strong>Ο.</strong></span> <span class='ocrx_word' id='word_1_69' title='bbox 1557 788 1729 820; x_wconf 78' lang='lat' dir='ltr'>Publice</span> <span class='ocrx_word' id='word_1_70' title='bbox 1756 788 1781 820; x_wconf 93' lang='grc' dir='ltr'>Ι.</span> <span class='ocrx_word' id='word_1_71' title='bbox 1818 789 2072 821; x_wconf 68' lang='lat' dir='ltr'>Exercitationes</span> 
     </span>
     <span class='ocr_line' id='line_1_10' title="bbox 292 839 2074 883; baseline -0.001 -9"><span class='ocrx_word' id='word_1_72' title='bbox 292 843 328 874; x_wconf 88' lang='lat' dir='ltr'>in</span> <span class='ocrx_word' id='word_1_73' title='bbox 365 843 428 874; x_wconf 90' lang='lat' dir='ltr'>Vet.</span> <span class='ocrx_word' id='word_1_74' title='bbox 460 843 541 874; x_wconf 86' lang='lat' dir='ltr'>Test.</span> <span class='ocrx_word' id='word_1_75' title='bbox 569 842 808 883; x_wconf 82' lang='lat' dir='ltr'>interpretando</span> <span class='ocrx_word' id='word_1_76' title='bbox 841 842 876 872; x_wconf 87' lang='lat' dir='ltr'>in</span> <span class='ocrx_word' id='word_1_77' title='bbox 909 841 1083 873; x_wconf 84' lang='lat' dir='ltr'>seminario</span> <span class='ocrx_word' id='word_1_78' title='bbox 1116 841 1203 881; x_wconf 78' lang='lat' dir='ltr'>reyio</span> <span class='ocrx_word' id='word_1_79' title='bbox 1237 839 1467 871; x_wconf 85' lang='lat' dir='ltr'>moderabitur</span> <span class='ocrx_word' id='word_1_80' title='bbox 1508 839 1540 872; x_wconf 91' lang='lat' dir='ltr'>d.</span> <span class='ocrx_word' id='word_1_81' title='bbox 1578 839 1648 871; x_wconf 81' lang='lat' dir='ltr'>Sat.</span> <span class='ocrx_word' id='word_1_82' title='bbox 1682 839 1716 872; x_wconf 93' lang='lat' dir='ltr'>h.</span> <span class='ocrx_word' id='word_1_83' title='bbox 1749 839 1809 871; x_wconf 88' lang='lat' dir='ltr'>IX.</span> <span class='ocrx_word' id='word_1_84' title='bbox 1839 844 1873 871; x_wconf 84' lang='lat' dir='ltr'>et</span> <span class='ocrx_word' id='word_1_85' title='bbox 1899 839 1943 873; x_wconf 89' lang='lat' dir='ltr'>X.</span> <span class='ocrx_word' id='word_1_86' title='bbox 1987 839 2074 872; x_wconf 84' lang='lat' dir='ltr'>Pri-</span> 
     </span>
    </p>
   </div>
   <div class='ocr_carea' id='block_1_7' title="bbox 291 890 2072 986">
    <p class='ocr_par' dir='ltr' id='par_1_7' title="bbox 291 890 2072 986">
     <span class='ocr_line' id='line_1_11' title="bbox 291 890 2072 926; baseline -0.001 -1"><span class='ocrx_word' id='word_1_87' title='bbox 291 894 410 925; x_wconf 80' lang='lat' dir='ltr'>vatim</span> <span class='ocrx_word' id='word_1_88' title='bbox 438 895 480 926; x_wconf 91' lang='grc' dir='ltr'>ΙΙ.</span> <span class='ocrx_word' id='word_1_89' title='bbox 531 894 800 926; x_wconf 77' lang='lat' dir='ltr'>Introductionem</span> <span class='ocrx_word' id='word_1_90' title='bbox 829 894 863 925; x_wconf 90' lang='lat' dir='ltr'>in</span> <span class='ocrx_word' id='word_1_91' title='bbox 901 893 964 925; x_wconf 89' lang='lat' dir='ltr'>Vet.</span> <span class='ocrx_word' id='word_1_92' title='bbox 1001 893 1082 924; x_wconf 87' lang='lat' dir='ltr'>Test.</span> <span class='ocrx_word' id='word_1_93' title='bbox 1113 891 1251 923; x_wconf 79' lang='lat' dir='ltr'>docebit</span> <span class='ocrx_word' id='word_1_94' title='bbox 1279 891 1311 922; x_wconf 85' lang='lat' dir='ltr'>d.</span> <span class='ocrx_word' id='word_1_95' title='bbox 1338 891 1422 924; x_wconf 91' lang='lat' dir='ltr'>Lun.</span> <span class='ocrx_word' id='word_1_96' title='bbox 1458 890 1556 923; x_wconf 88' lang='lat' dir='ltr'>Mart.</span> <span class='ocrx_word' id='word_1_97' title='bbox 1593 891 1698 924; x_wconf 78' lang='lat' dir='ltr'>Mero.</span> <span class='ocrx_word' id='word_1_98' title='bbox 1734 892 1806 923; x_wconf 85' lang='lat' dir='ltr'>Iov.</span> <span class='ocrx_word' id='word_1_99' title='bbox 1835 890 1919 924; x_wconf 89' lang='lat' dir='ltr'>Ven.</span> <span class='ocrx_word' id='word_1_100' title='bbox 1950 891 1982 924; x_wconf 84' lang='lat' dir='ltr'>h.</span> <span class='ocrx_word' id='word_1_101' title='bbox 2012 891 2072 924; x_wconf 87' lang='lat' dir='ltr'>IX.</span> 
     </span>
     <span class='ocr_line' id='line_1_12' title="bbox 291 941 1648 986; baseline -0.003 -9"><span class='ocrx_word' id='word_1_102' title='bbox 291 946 347 979; x_wconf 87' lang='lat'>111.</span> <span class='ocrx_word' id='word_1_103' title='bbox 392 945 524 977; x_wconf 77' lang='lat' dir='ltr'>Librum</span> <span class='ocrx_word' id='word_1_104' title='bbox 546 945 614 977; x_wconf 84' lang='lat' dir='ltr'>Iobi</span> <span class='ocrx_word' id='word_1_105' title='bbox 636 944 912 986; x_wconf 81' lang='lat' dir='ltr'>interpretabitur</span> <span class='ocrx_word' id='word_1_106' title='bbox 936 943 967 975; x_wconf 90' lang='lat' dir='ltr'>d.</span> <span class='ocrx_word' id='word_1_107' title='bbox 991 943 1075 977; x_wconf 93' lang='lat' dir='ltr'>Lun.</span> <span class='ocrx_word' id='word_1_108' title='bbox 1099 943 1198 976; x_wconf 86' lang='lat' dir='ltr'>Mart.</span> <span class='ocrx_word' id='word_1_109' title='bbox 1221 942 1325 974; x_wconf 89' lang='lat' dir='ltr'>Merc.</span> <span class='ocrx_word' id='word_1_110' title='bbox 1349 942 1420 974; x_wconf 91' lang='lat' dir='ltr'>Iov.</span> <span class='ocrx_word' id='word_1_111' title='bbox 1444 941 1529 974; x_wconf 90' lang='lat' dir='ltr'>Ven.</span> <span class='ocrx_word' id='word_1_112' title='bbox 1553 941 1585 973; x_wconf 83' lang='lat' dir='ltr'>h.</span> <span class='ocrx_word' id='word_1_113' title='bbox 1604 941 1648 974; x_wconf 90' lang='lat' dir='ltr'>X.</span> 
     </span>
    </p>
   </div>
   <div class='ocr_carea' id='block_1_8' title="bbox 291 1002 2072 1200">
    <p class='ocr_par' dir='ltr' id='par_1_8' title="bbox 291 1002 2072 1200">
     <span class='ocr_line' id='line_1_13' title="bbox 444 1002 2072 1041; baseline 0 -5"><span class='ocrx_word' id='word_1_114' title='bbox 444 1004 694 1037; x_wconf 88' lang='lat' dir='ltr'>EDUARDUS</span> <span class='ocrx_word' id='word_1_115' title='bbox 723 1003 891 1041; x_wconf 90' lang='lat' dir='ltr'>MEUSS‚</span> <span class='ocrx_word' id='word_1_116' title='bbox 927 1003 984 1034; x_wconf 89' lang='lat' dir='ltr'>Dr.</span> <span class='ocrx_word' id='word_1_117' title='bbox 1007 1003 1043 1036; x_wconf 88' lang='lat' dir='ltr'>P.</span> <span class='ocrx_word' id='word_1_118' title='bbox 1067 1003 1102 1035; x_wconf 88' lang='lat' dir='ltr'>P.</span> <span class='ocrx_word' id='word_1_119' title='bbox 1128 1003 1166 1035; x_wconf 94' lang='grc' dir='ltr'><strong>Ο.</strong></span> <span class='ocrx_word' id='word_1_120' title='bbox 1230 1002 1404 1034; x_wconf 82' lang='lat' dir='ltr'>Publice</span> <span class='ocrx_word' id='word_1_121' title='bbox 1437 1002 1463 1034; x_wconf 93' lang='lat' dir='ltr'>I.</span> <span class='ocrx_word' id='word_1_122' title='bbox 1507 1003 1762 1034; x_wconf 71' lang='lat' dir='ltr'>Emercitationes</span> <span class='ocrx_word' id='word_1_123' title='bbox 1785 1003 1980 1036; x_wconf 75' lang='lat' dir='ltr'>homileticas</span> <span class='ocrx_word' id='word_1_124' title='bbox 2002 1013 2072 1036; x_wconf 75' lang='lat' dir='ltr'>cum</span> 
     </span>
     <span class='ocr_line' id='line_1_14' title="bbox 291 1053 2072 1098; baseline -0.002 -9"><span class='ocrx_word' id='word_1_125' title='bbox 291 1058 447 1098; x_wconf 79' lang='lat' dir='ltr'>lituryicis</span> <span class='ocrx_word' id='word_1_126' title='bbox 475 1057 660 1089; x_wconf 82' lang='lat' dir='ltr'>coniunctas</span> <span class='ocrx_word' id='word_1_127' title='bbox 689 1057 724 1087; x_wconf 86' lang='lat' dir='ltr'>in</span> <span class='ocrx_word' id='word_1_128' title='bbox 752 1056 925 1087; x_wconf 84' lang='lat' dir='ltr'>seminario</span> <span class='ocrx_word' id='word_1_129' title='bbox 952 1056 1092 1097; x_wconf 82' lang='lat' dir='ltr'>practico</span> <span class='ocrx_word' id='word_1_130' title='bbox 1126 1054 1357 1087; x_wconf 84' lang='lat' dir='ltr'>moderabitur</span> <span class='ocrx_word' id='word_1_131' title='bbox 1386 1054 1418 1086; x_wconf 92' lang='lat' dir='ltr'>d.</span> <span class='ocrx_word' id='word_1_132' title='bbox 1446 1054 1530 1086; x_wconf 90' lang='lat' dir='ltr'>Lun.</span> <span class='ocrx_word' id='word_1_133' title='bbox 1553 1053 1586 1085; x_wconf 87' lang='lat' dir='ltr'>h.</span> <span class='ocrx_word' id='word_1_134' title='bbox 1610 1054 1667 1086; x_wconf 93' lang='grc' dir='ltr'>ΠΙ.</span> <span class='ocrx_word' id='word_1_135' title='bbox 1698 1058 1732 1085; x_wconf 88' lang='lat' dir='ltr'>et</span> <span class='ocrx_word' id='word_1_136' title='bbox 1754 1053 1811 1087; x_wconf 93' lang='lat' dir='ltr'>lV.</span> <span class='ocrx_word' id='word_1_137' title='bbox 1856 1053 1897 1086; x_wconf 90' lang='lat'>11.</span> <span class='ocrx_word' id='word_1_138' title='bbox 1941 1055 2072 1087; x_wconf 62' lang='lat' dir='ltr'>Exerci-</span> 
     </span>
     <span class='ocr_line' id='line_1_15' title="bbox 292 1104 2072 1148; baseline -0.002 -8"><span class='ocrx_word' id='word_1_139' title='bbox 292 1110 425 1141; x_wconf 79' lang='lat' dir='ltr'>tationes</span> <span class='ocrx_word' id='word_1_140' title='bbox 449 1109 492 1140; x_wconf 87' lang='lat' dir='ltr'>ad</span> <span class='ocrx_word' id='word_1_141' title='bbox 513 1108 699 1148; x_wconf 78' lang='lat' dir='ltr'>theoloyiam</span> <span class='ocrx_word' id='word_1_142' title='bbox 721 1108 954 1147; x_wconf 79' lang='lat' dir='ltr'>systematicam</span> <span class='ocrx_word' id='word_1_143' title='bbox 976 1110 1152 1148; x_wconf 77' lang='lat' dir='ltr'><strong><em>spectantes</em></strong></span> <span class='ocrx_word' id='word_1_144' title='bbox 1175 1108 1210 1138; x_wconf 88' lang='lat' dir='ltr'>in</span> <span class='ocrx_word' id='word_1_145' title='bbox 1239 1107 1412 1138; x_wconf 83' lang='lat' dir='ltr'>seminario</span> <span class='ocrx_word' id='word_1_146' title='bbox 1442 1107 1529 1147; x_wconf 76' lang='lat' dir='ltr'>reyio</span> <span class='ocrx_word' id='word_1_147' title='bbox 1561 1105 1791 1137; x_wconf 82' lang='lat' dir='ltr'>moderabitur</span> <span class='ocrx_word' id='word_1_148' title='bbox 1818 1105 1850 1136; x_wconf 90' lang='lat' dir='ltr'>d.</span> <span class='ocrx_word' id='word_1_149' title='bbox 1877 1106 1949 1137; x_wconf 88' lang='lat' dir='ltr'>Iov.</span> <span class='ocrx_word' id='word_1_150' title='bbox 1975 1104 2009 1139; x_wconf 86' lang='lat' dir='ltr'>h.</span> <span class='ocrx_word' id='word_1_151' title='bbox 2031 1104 2072 1136; x_wconf 85' lang='lat' dir='ltr'>V.</span> 
     </span>
     <span class='ocr_line' id='line_1_16' title="bbox 291 1152 2072 1200; baseline -0.001 -10"><span class='ocrx_word' id='word_1_152' title='bbox 291 1164 325 1191; x_wconf 91' lang='lat' dir='ltr'>et</span> <span class='ocrx_word' id='word_1_153' title='bbox 350 1160 406 1192; x_wconf 88' lang='lat' dir='ltr'>VI.</span> <span class='ocrx_word' id='word_1_154' title='bbox 451 1159 650 1191; x_wconf 85' lang='lat' dir='ltr'>Privatim</span> <span class='ocrx_word' id='word_1_155' title='bbox 675 1158 733 1190; x_wconf 89' lang='lat'>111.</span> <span class='ocrx_word' id='word_1_156' title='bbox 778 1159 1063 1200; x_wconf 76' lang='lat' dir='ltr'>Encyclopaediam</span> <span class='ocrx_word' id='word_1_157' title='bbox 1096 1158 1269 1199; x_wconf 74' lang='lat' dir='ltr'>theoloyiae</span> <span class='ocrx_word' id='word_1_158' title='bbox 1302 1157 1414 1189; x_wconf 84' lang='lat' dir='ltr'>tradet</span> <span class='ocrx_word' id='word_1_159' title='bbox 1447 1156 1479 1190; x_wconf 92' lang='lat' dir='ltr'>d.</span> <span class='ocrx_word' id='word_1_160' title='bbox 1513 1156 1610 1188; x_wconf 89' lang='lat' dir='ltr'>Mart.</span> <span class='ocrx_word' id='word_1_161' title='bbox 1640 1157 1713 1189; x_wconf 89' lang='lat' dir='ltr'>Iov.</span> <span class='ocrx_word' id='word_1_162' title='bbox 1738 1156 1808 1189; x_wconf 81' lang='lat' dir='ltr'>Sat.</span> <span class='ocrx_word' id='word_1_163' title='bbox 1837 1155 1872 1189; x_wconf 88' lang='lat' dir='ltr'>h.</span> <span class='ocrx_word' id='word_1_164' title='bbox 1895 1155 1969 1190; x_wconf 85' lang='lat' dir='ltr'>XII.</span> <span class='ocrx_word' id='word_1_165' title='bbox 2014 1152 2072 1188; x_wconf 92' lang='lat' dir='ltr'>1V.</span> 
     </span>
    </p>
   </div>
   <div class='ocr_carea' id='block_1_9' title="bbox 292 1206 2073 1296">
    <p class='ocr_par' dir='ltr' id='par_1_9' title="bbox 292 1206 2073 1296">
     <span class='ocr_line' id='line_1_17' title="bbox 293 1206 2073 1253; baseline -0.003 -9"><span class='ocrx_word' id='word_1_166' title='bbox 293 1212 478 1252; x_wconf 78' lang='lat' dir='ltr'>Theoloyiae</span> <span class='ocrx_word' id='word_1_167' title='bbox 500 1213 664 1253; x_wconf 78' lang='lat' dir='ltr'>practicae</span> <span class='ocrx_word' id='word_1_168' title='bbox 688 1214 814 1252; x_wconf 85' lang='lat' dir='ltr'>partem</span> <span class='ocrx_word' id='word_1_169' title='bbox 836 1211 989 1251; x_wconf 89' lang='lat' dir='ltr'>primam,</span> <span class='ocrx_word' id='word_1_170' title='bbox 1012 1220 1091 1251; x_wconf 82' lang='lat' dir='ltr'>qaae</span> <span class='ocrx_word' id='word_1_171' title='bbox 1113 1213 1160 1242; x_wconf 88' lang='lat' dir='ltr'>est</span> <span class='ocrx_word' id='word_1_172' title='bbox 1182 1210 1220 1241; x_wconf 88' lang='lat' dir='ltr'>de</span> <span class='ocrx_word' id='word_1_173' title='bbox 1243 1209 1327 1241; x_wconf 69' lang='lat' dir='ltr'>cuttu</span> <span class='ocrx_word' id='word_1_174' title='bbox 1350 1210 1401 1241; x_wconf 83' lang='lat' dir='ltr'>dei</span> <span class='ocrx_word' id='word_1_175' title='bbox 1418 1208 1546 1251; x_wconf 82' lang='lat' dir='ltr'>publico</span> <span class='ocrx_word' id='word_1_176' title='bbox 1570 1212 1599 1240; x_wconf 89' lang='lat' dir='ltr'>et</span> <span class='ocrx_word' id='word_1_177' title='bbox 1621 1212 1689 1240; x_wconf 86' lang='lat' dir='ltr'>arte</span> <span class='ocrx_word' id='word_1_178' title='bbox 1712 1208 1910 1248; x_wconf 81' lang='lat' dir='ltr'>catechetica,</span> <span class='ocrx_word' id='word_1_179' title='bbox 1933 1206 2073 1241; x_wconf 83' lang='lat' dir='ltr'>docebit</span> 
     </span>
     <span class='ocr_line' id='line_1_18' title="bbox 292 1260 992 1296; baseline 0 -2"><span class='ocrx_word' id='word_1_180' title='bbox 292 1263 324 1296; x_wconf 92' lang='lat' dir='ltr'>d.</span> <span class='ocrx_word' id='word_1_181' title='bbox 348 1263 430 1296; x_wconf 91' lang='lat' dir='ltr'>Lun.</span> <span class='ocrx_word' id='word_1_182' title='bbox 455 1262 554 1295; x_wconf 86' lang='lat' dir='ltr'>Mart.</span> <span class='ocrx_word' id='word_1_183' title='bbox 577 1263 648 1294; x_wconf 85' lang='lat' dir='ltr'>Iov.</span> <span class='ocrx_word' id='word_1_184' title='bbox 670 1261 758 1294; x_wconf 88' lang='lat' dir='ltr'>Ven.</span> <span class='ocrx_word' id='word_1_185' title='bbox 782 1261 852 1294; x_wconf 89' lang='lat' dir='ltr'>Sat.</span> <span class='ocrx_word' id='word_1_186' title='bbox 876 1261 908 1293; x_wconf 89' lang='lat' dir='ltr'>b.</span> <span class='ocrx_word' id='word_1_187' title='bbox 933 1260 992 1294; x_wconf 90' lang='lat' dir='ltr'>XI.</span> 
     </span>
    </p>
   </div>
   <div class='ocr_carea' id='block_1_10' title="bbox 291 1319 2074 1518">
    <p class='ocr_par' dir='ltr' id='par_1_10' title="bbox 291 1319 2074 1518">
     <span class='ocr_line' id='line_1_19' title="bbox 443 1319 2074 1360; baseline -0.001 -6"><span class='ocrx_word' id='word_1_188' title='bbox 443 1322 716 1354; x_wconf 85' lang='lat' dir='ltr'>FRIDERICUS</span> <span class='ocrx_word' id='word_1_189' title='bbox 741 1321 1003 1354; x_wconf 86' lang='lat' dir='ltr'>GUILELMUS</span> <span class='ocrx_word' id='word_1_190' title='bbox 1027 1320 1245 1360; x_wconf 79' lang='lat' dir='ltr'>SCHULTZ‚</span> <span class='ocrx_word' id='word_1_191' title='bbox 1270 1320 1327 1352; x_wconf 89' lang='lat' dir='ltr'>Dr.</span> <span class='ocrx_word' id='word_1_192' title='bbox 1351 1320 1386 1352; x_wconf 91' lang='lat' dir='ltr'>P.</span> <span class='ocrx_word' id='word_1_193' title='bbox 1411 1320 1446 1351; x_wconf 93' lang='lat' dir='ltr'>P.</span> <span class='ocrx_word' id='word_1_194' title='bbox 1471 1319 1511 1351; x_wconf 94' lang='lat' dir='ltr'>O.</span> <span class='ocrx_word' id='word_1_195' title='bbox 1557 1319 1728 1352; x_wconf 85' lang='lat' dir='ltr'>Publice</span> <span class='ocrx_word' id='word_1_196' title='bbox 1750 1319 1776 1352; x_wconf 91' lang='grc' dir='ltr'>Ι.</span> <span class='ocrx_word' id='word_1_197' title='bbox 1821 1320 2074 1352; x_wconf 64' lang='lat' dir='ltr'>firmant-‘ones</span> 
     </span>
     <span class='ocr_line' id='line_1_20' title="bbox 291 1370 2073 1416; baseline -0.002 -10"><span class='ocrx_word' id='word_1_198' title='bbox 291 1376 325 1406; x_wconf 87' lang='lat' dir='ltr'>in</span> <span class='ocrx_word' id='word_1_199' title='bbox 358 1375 438 1407; x_wconf 91' lang='lat' dir='ltr'>Nov.</span> <span class='ocrx_word' id='word_1_200' title='bbox 476 1375 557 1406; x_wconf 85' lang='lat' dir='ltr'>Test.</span> <span class='ocrx_word' id='word_1_201' title='bbox 584 1374 821 1416; x_wconf 68' lang='lat' dir='ltr'>interpretando</span> <span class='ocrx_word' id='word_1_202' title='bbox 854 1374 889 1405; x_wconf 87' lang='lat' dir='ltr'>in</span> <span class='ocrx_word' id='word_1_203' title='bbox 921 1373 1094 1405; x_wconf 84' lang='lat' dir='ltr'>seminario</span> <span class='ocrx_word' id='word_1_204' title='bbox 1116 1374 1204 1414; x_wconf 76' lang='lat' dir='ltr'>reyio</span> <span class='ocrx_word' id='word_1_205' title='bbox 1227 1372 1457 1404; x_wconf 85' lang='lat' dir='ltr'>moderabitur</span> <span class='ocrx_word' id='word_1_206' title='bbox 1489 1371 1520 1403; x_wconf 93' lang='lat' dir='ltr'>d.</span> <span class='ocrx_word' id='word_1_207' title='bbox 1551 1371 1655 1403; x_wconf 75' lang='lat' dir='ltr'>Mero.</span> <span class='ocrx_word' id='word_1_208' title='bbox 1683 1371 1717 1403; x_wconf 85' lang='lat' dir='ltr'>h.</span> <span class='ocrx_word' id='word_1_209' title='bbox 1751 1370 1794 1404; x_wconf 93' lang='lat' dir='ltr'>V.</span> <span class='ocrx_word' id='word_1_210' title='bbox 1823 1375 1858 1403; x_wconf 87' lang='lat' dir='ltr'>et</span> <span class='ocrx_word' id='word_1_211' title='bbox 1883 1370 1940 1403; x_wconf 87' lang='lat' dir='ltr'>VI.</span> <span class='ocrx_word' id='word_1_212' title='bbox 1984 1370 2073 1403; x_wconf 88' lang='lat' dir='ltr'>Pri·-</span> 
     </span>
     <span class='ocr_line' id='line_1_21' title="bbox 292 1421 2073 1466; baseline -0.002 -9"><span class='ocrx_word' id='word_1_213' title='bbox 292 1427 416 1457; x_wconf 86' lang='lat' dir='ltr'>vatim</span> <span class='ocrx_word' id='word_1_214' title='bbox 440 1426 479 1459; x_wconf 87' lang='lat'>11.</span> <span class='ocrx_word' id='word_1_215' title='bbox 527 1426 727 1466; x_wconf 76' lang='lat' dir='ltr'>Theoloyiam</span> <span class='ocrx_word' id='word_1_216' title='bbox 750 1428 779 1456; x_wconf 89' lang='lat' dir='ltr'>et</span> <span class='ocrx_word' id='word_1_217' title='bbox 807 1425 1060 1465; x_wconf 72' lang='lat' dir='ltr'>archaeotoyiam</span> <span class='ocrx_word' id='word_1_218' title='bbox 1094 1424 1157 1457; x_wconf 90' lang='lat' dir='ltr'>Vet.</span> <span class='ocrx_word' id='word_1_219' title='bbox 1183 1425 1264 1456; x_wconf 88' lang='lat' dir='ltr'>Test.</span> <span class='ocrx_word' id='word_1_220' title='bbox 1288 1423 1427 1455; x_wconf 88' lang='lat' dir='ltr'>docebit</span> <span class='ocrx_word' id='word_1_221' title='bbox 1450 1422 1482 1455; x_wconf 94' lang='lat' dir='ltr'>d.</span> <span class='ocrx_word' id='word_1_222' title='bbox 1515 1422 1601 1455; x_wconf 92' lang='lat' dir='ltr'>Lun.</span> <span class='ocrx_word' id='word_1_223' title='bbox 1629 1422 1726 1454; x_wconf 80' lang='lat' dir='ltr'>Mart.</span> <span class='ocrx_word' id='word_1_224' title='bbox 1754 1422 1858 1455; x_wconf 80' lang='lat' dir='ltr'>Mero.</span> <span class='ocrx_word' id='word_1_225' title='bbox 1885 1423 1956 1456; x_wconf 77' lang='lat' dir='ltr'>Iov,</span> <span class='ocrx_word' id='word_1_226' title='bbox 1986 1421 2073 1455; x_wconf 85' lang='lat' dir='ltr'>Ven.</span> 
     </span>
     <span class='ocr_line' id='line_1_22' title="bbox 292 1473 1898 1518; baseline -0.002 -8"><span class='ocrx_word' id='word_1_227' title='bbox 292 1478 326 1510; x_wconf 73' lang='lat' dir='ltr'>li.</span> <span class='ocrx_word' id='word_1_228' title='bbox 343 1477 403 1511; x_wconf 92' lang='lat' dir='ltr'>IX.</span> <span class='ocrx_word' id='word_1_229' title='bbox 448 1477 506 1510; x_wconf 91' lang='grc' dir='ltr'><strong>ΙΙΙ,</strong></span> <span class='ocrx_word' id='word_1_230' title='bbox 556 1477 713 1509; x_wconf 85' lang='lat' dir='ltr'>Vaticinia</span> <span class='ocrx_word' id='word_1_231' title='bbox 735 1477 860 1508; x_wconf 84' lang='lat' dir='ltr'>Iesaiae</span> <span class='ocrx_word' id='word_1_232' title='bbox 882 1475 1159 1518; x_wconf 83' lang='lat' dir='ltr'>interpretabitur</span> <span class='ocrx_word' id='word_1_233' title='bbox 1181 1474 1212 1507; x_wconf 93' lang='lat' dir='ltr'>d.</span> <span class='ocrx_word' id='word_1_234' title='bbox 1236 1475 1320 1506; x_wconf 88' lang='lat' dir='ltr'>Lun.</span> <span class='ocrx_word' id='word_1_235' title='bbox 1343 1474 1443 1507; x_wconf 90' lang='lat' dir='ltr'>Mart.</span> <span class='ocrx_word' id='word_1_236' title='bbox 1467 1474 1572 1506; x_wconf 88' lang='lat' dir='ltr'>Merc.</span> <span class='ocrx_word' id='word_1_237' title='bbox 1594 1475 1665 1506; x_wconf 86' lang='lat' dir='ltr'>Iov.</span> <span class='ocrx_word' id='word_1_238' title='bbox 1691 1473 1774 1506; x_wconf 85' lang='lat' dir='ltr'>ven.</span> <span class='ocrx_word' id='word_1_239' title='bbox 1798 1473 1831 1507; x_wconf 90' lang='lat' dir='ltr'>b.</span> <span class='ocrx_word' id='word_1_240' title='bbox 1855 1473 1898 1507; x_wconf 88' lang='lat' dir='ltr'>X.</span> 
     </span>
    </p>
   </div>
   <div class='ocr_carea' id='block_1_11' title="bbox 293 1534 2075 1630">
    <p class='ocr_par' dir='ltr' id='par_1_11' title="bbox 293 1534 2075 1630">
     <span class='ocr_line' id='line_1_23' title="bbox 445 1534 2074 1572; baseline -0.001 -4"><span class='ocrx_word' id='word_1_241' title='bbox 445 1536 734 1568; x_wconf 81' lang='lat' dir='ltr'>HERMANNUS</span> <span class='ocrx_word' id='word_1_242' title='bbox 751 1535 1080 1572; x_wconf 85' lang='lat' dir='ltr'>WEINGARTEN,</span> <span class='ocrx_word' id='word_1_243' title='bbox 1094 1535 1154 1568; x_wconf 91' lang='lat' dir='ltr'>Dr.</span> <span class='ocrx_word' id='word_1_244' title='bbox 1166 1537 1202 1568; x_wconf 92' lang='lat' dir='ltr'>P.</span> <span class='ocrx_word' id='word_1_245' title='bbox 1214 1535 1251 1568; x_wconf 91' lang='lat' dir='ltr'>P.</span> <span class='ocrx_word' id='word_1_246' title='bbox 1265 1534 1306 1568; x_wconf 91' lang='lat' dir='ltr'>O.</span> <span class='ocrx_word' id='word_1_247' title='bbox 1351 1534 1523 1566; x_wconf 90' lang='lat' dir='ltr'>Publice</span> <span class='ocrx_word' id='word_1_248' title='bbox 1536 1534 1560 1566; x_wconf 95' lang='grc' dir='ltr'>Ι.</span> <span class='ocrx_word' id='word_1_249' title='bbox 1583 1535 1838 1566; x_wconf 67' lang='lat' dir='ltr'>Exercitationes</span> <span class='ocrx_word' id='word_1_250' title='bbox 1853 1534 1898 1566; x_wconf 81' lang='lat' dir='ltr'>ad</span> <span class='ocrx_word' id='word_1_251' title='bbox 1907 1534 2074 1567; x_wconf 76' lang='lat' dir='ltr'>historiam</span> 
     </span>
     <span class='ocr_line' id='line_1_24' title="bbox 293 1584 2075 1630; baseline -0.002 -9"><span class='ocrx_word' id='word_1_252' title='bbox 293 1590 537 1622; x_wconf 86' lang='lat' dir='ltr'>ecclesiasticam</span> <span class='ocrx_word' id='word_1_253' title='bbox 556 1589 751 1630; x_wconf 74' lang='lat' dir='ltr'>pertinentes</span> <span class='ocrx_word' id='word_1_254' title='bbox 773 1588 807 1619; x_wconf 87' lang='lat' dir='ltr'>in</span> <span class='ocrx_word' id='word_1_255' title='bbox 829 1588 1001 1620; x_wconf 84' lang='lat' dir='ltr'>seminario</span> <span class='ocrx_word' id='word_1_256' title='bbox 1017 1589 1105 1628; x_wconf 76' lang='lat' dir='ltr'>reyio</span> <span class='ocrx_word' id='word_1_257' title='bbox 1127 1586 1357 1618; x_wconf 88' lang='lat' dir='ltr'>moderabitur</span> <span class='ocrx_word' id='word_1_258' title='bbox 1379 1585 1410 1617; x_wconf 90' lang='lat' dir='ltr'>d.</span> <span class='ocrx_word' id='word_1_259' title='bbox 1429 1585 1527 1617; x_wconf 87' lang='lat' dir='ltr'>Mart.</span> <span class='ocrx_word' id='word_1_260' title='bbox 1550 1585 1583 1618; x_wconf 85' lang='lat' dir='ltr'>h.</span> <span class='ocrx_word' id='word_1_261' title='bbox 1602 1585 1644 1619; x_wconf 92' lang='lat' dir='ltr'>V.</span> <span class='ocrx_word' id='word_1_262' title='bbox 1663 1589 1697 1617; x_wconf 85' lang='lat' dir='ltr'>et</span> <span class='ocrx_word' id='word_1_263' title='bbox 1714 1584 1770 1617; x_wconf 93' lang='lat' dir='ltr'>VI.</span> <span class='ocrx_word' id='word_1_264' title='bbox 1815 1584 2012 1617; x_wconf 80' lang='lat' dir='ltr'>Privatim</span> <span class='ocrx_word' id='word_1_265' title='bbox 2033 1584 2075 1618; x_wconf 90' lang='lat'>11.</span> 
     </span>
    </p>
   </div>
   <div class='ocr_carea' id='block_1_12' title="bbox 293 1636 2074 1725">
    <p class='ocr_par' dir='ltr' id='par_1_12' title="bbox 293 1636 2074 1724">
     <span class='ocr_line' id='line_1_25' title="bbox 294 1636 2074 1680; baseline -0.003 -7"><span class='ocrx_word' id='word_1_266' title='bbox 294 1642 467 1673; x_wconf 73' lang='lat' dir='ltr'>Historiam</span> <span class='ocrx_word' id='word_1_267' title='bbox 489 1641 640 1672; x_wconf 82' lang='lat' dir='ltr'>ecclesiae</span> <span class='ocrx_word' id='word_1_268' title='bbox 662 1641 736 1671; x_wconf 83' lang='lat' dir='ltr'>inde</span> <span class='ocrx_word' id='word_1_269' title='bbox 758 1650 778 1670; x_wconf 92' lang='lat' dir='ltr'>a</span> <span class='ocrx_word' id='word_1_270' title='bbox 793 1640 1019 1679; x_wconf 82' lang='lat' dir='ltr'>reformatione</span> <span class='ocrx_word' id='word_1_271' title='bbox 1041 1639 1190 1671; x_wconf 87' lang='lat' dir='ltr'>ecclesiae</span> <span class='ocrx_word' id='word_1_272' title='bbox 1211 1649 1311 1680; x_wconf 79' lang='lat' dir='ltr'>usqne</span> <span class='ocrx_word' id='word_1_273' title='bbox 1334 1638 1376 1670; x_wconf 86' lang='lat' dir='ltr'>ad</span> <span class='ocrx_word' id='word_1_274' title='bbox 1397 1640 1510 1669; x_wconf 86' lang='lat' dir='ltr'>nostra</span> <span class='ocrx_word' id='word_1_275' title='bbox 1531 1640 1673 1678; x_wconf 85' lang='lat' dir='ltr'>tempora</span> <span class='ocrx_word' id='word_1_276' title='bbox 1694 1636 1807 1668; x_wconf 84' lang='lat' dir='ltr'>tradet</span> <span class='ocrx_word' id='word_1_277' title='bbox 1829 1636 1862 1669; x_wconf 91' lang='lat' dir='ltr'>d.</span> <span class='ocrx_word' id='word_1_278' title='bbox 1877 1636 1962 1670; x_wconf 90' lang='lat' dir='ltr'>Lun.</span> <span class='ocrx_word' id='word_1_279' title='bbox 1975 1636 2074 1669; x_wconf 87' lang='lat' dir='ltr'>Mart.</span> 
     </span>
     <span class='ocr_line' id='line_1_26' title="bbox 293 1690 741 1725; baseline -0.005 -1"><span class='ocrx_word' id='word_1_280' title='bbox 293 1693 396 1725; x_wconf 81' lang='lat' dir='ltr'>Mero.</span> <span class='ocrx_word' id='word_1_281' title='bbox 419 1693 491 1724; x_wconf 90' lang='lat' dir='ltr'>Iov.</span> <span class='ocrx_word' id='word_1_282' title='bbox 516 1691 601 1723; x_wconf 92' lang='lat' dir='ltr'>Ven.</span> <span class='ocrx_word' id='word_1_283' title='bbox 625 1691 658 1722; x_wconf 89' lang='lat' dir='ltr'>h.</span> <span class='ocrx_word' id='word_1_284' title='bbox 682 1690 741 1723; x_wconf 88' lang='lat' dir='ltr'>XI.</span> 
     </span>
    </p>
   </div>
   <div class='ocr_carea' id='block_1_13' title="bbox 293 1715 2075 1947">
    <p class='ocr_par' dir='ltr' id='par_1_13' title="bbox 293 1715 2075 1947">
     <span class='ocr_line' id='line_1_27' title="bbox 447 1715 2075 1790; baseline -0.001 -8"><span class='ocrx_word' id='word_1_285' title='bbox 447 1750 833 1783; x_wconf 86' lang='lat' dir='ltr'>CHRISTOPHORUS</span> <span class='ocrx_word' id='word_1_286' title='bbox 857 1737 1147 1782; x_wconf 81' lang='lat' dir='ltr'>HERMANNUS</span> <span class='ocrx_word' id='word_1_287' title='bbox 1172 1749 1389 1790; x_wconf 88' lang='lat' dir='ltr'>SCHMIDT,</span> <span class='ocrx_word' id='word_1_288' title='bbox 1414 1749 1471 1780; x_wconf 91' lang='lat' dir='ltr'>Dr.</span> <span class='ocrx_word' id='word_1_289' title='bbox 1495 1748 1530 1780; x_wconf 92' lang='lat' dir='ltr'>P.</span> <span class='ocrx_word' id='word_1_290' title='bbox 1547 1748 1582 1779; x_wconf 92' lang='grc' dir='ltr'>Ρ.</span> <span class='ocrx_word' id='word_1_291' title='bbox 1608 1747 1648 1780; x_wconf 92' lang='grc' dir='ltr'><strong>Ο.</strong></span> <span class='ocrx_word' id='word_1_292' title='bbox 1687 1748 1858 1780; x_wconf 88' lang='lat' dir='ltr'>Publice</span> <span class='ocrx_word' id='word_1_293' title='bbox 1880 1747 1906 1780; x_wconf 91' lang='grc' dir='ltr'>Ι.</span> <span class='ocrx_word' id='word_1_294' title='bbox 1936 1715 2075 1781; x_wconf 58' lang='lat' dir='ltr'>Emerit-</span> 
     </span>
     <span class='ocr_line' id='line_1_28' title="bbox 293 1799 2075 1843; baseline -0.002 -8"><span class='ocrx_word' id='word_1_295' title='bbox 293 1805 427 1836; x_wconf 83' lang='lat' dir='ltr'>tationes</span> <span class='ocrx_word' id='word_1_296' title='bbox 456 1803 661 1835; x_wconf 78' lang='lat' dir='ltr'>catecheticas</span> <span class='ocrx_word' id='word_1_297' title='bbox 688 1803 723 1834; x_wconf 89' lang='lat' dir='ltr'>in</span> <span class='ocrx_word' id='word_1_298' title='bbox 750 1803 923 1834; x_wconf 86' lang='lat' dir='ltr'>seminario</span> <span class='ocrx_word' id='word_1_299' title='bbox 942 1803 1086 1843; x_wconf 87' lang='lat' dir='ltr'>practico</span> <span class='ocrx_word' id='word_1_300' title='bbox 1109 1801 1340 1833; x_wconf 77' lang='lat' dir='ltr'>moderabitur</span> <span class='ocrx_word' id='word_1_301' title='bbox 1363 1800 1394 1833; x_wconf 91' lang='lat' dir='ltr'>d.</span> <span class='ocrx_word' id='word_1_302' title='bbox 1418 1800 1502 1834; x_wconf 82' lang='lat' dir='ltr'>ven</span> <span class='ocrx_word' id='word_1_303' title='bbox 1526 1800 1558 1831; x_wconf 85' lang='lat' dir='ltr'>h.</span> <span class='ocrx_word' id='word_1_304' title='bbox 1583 1799 1640 1831; x_wconf 95' lang='lat' dir='ltr'>IV.</span> <span class='ocrx_word' id='word_1_305' title='bbox 1666 1804 1699 1832; x_wconf 91' lang='lat' dir='ltr'>et</span> <span class='ocrx_word' id='word_1_306' title='bbox 1722 1799 1765 1832; x_wconf 92' lang='lat' dir='ltr'>V.</span> <span class='ocrx_word' id='word_1_307' title='bbox 1809 1799 2007 1832; x_wconf 80' lang='lat' dir='ltr'>Privatim</span> <span class='ocrx_word' id='word_1_308' title='bbox 2034 1799 2075 1831; x_wconf 86' lang='lat'>11.</span> 
     </span>
     <span class='ocr_line' id='line_1_29' title="bbox 298 1849 2075 1895; baseline -0.002 -8"><span class='ocrx_word' id='word_1_309' title='bbox 298 1856 400 1888; x_wconf 86' lang='lat' dir='ltr'>Vitam</span> <span class='ocrx_word' id='word_1_310' title='bbox 414 1856 489 1887; x_wconf 80' lang='lat' dir='ltr'>Iesu</span> <span class='ocrx_word' id='word_1_311' title='bbox 507 1854 623 1886; x_wconf 77' lang='lat' dir='ltr'>Christi</span> <span class='ocrx_word' id='word_1_312' title='bbox 650 1853 819 1885; x_wconf 83' lang='lat' dir='ltr'>enarrabit</span> <span class='ocrx_word' id='word_1_313' title='bbox 841 1854 1013 1885; x_wconf 76' lang='lat' dir='ltr'>secandam</span> <span class='ocrx_word' id='word_1_314' title='bbox 1037 1857 1185 1895; x_wconf 76' lang='lat' dir='ltr'>quattuor</span> <span class='ocrx_word' id='word_1_315' title='bbox 1207 1853 1371 1893; x_wconf 65' lang='lat' dir='ltr'>evangelia</span> <span class='ocrx_word' id='word_1_316' title='bbox 1394 1851 1427 1884; x_wconf 89' lang='lat' dir='ltr'>d.</span> <span class='ocrx_word' id='word_1_317' title='bbox 1443 1851 1527 1884; x_wconf 86' lang='lat' dir='ltr'>Lun.</span> <span class='ocrx_word' id='word_1_318' title='bbox 1542 1851 1641 1883; x_wconf 79' lang='lat' dir='ltr'>Mart.</span> <span class='ocrx_word' id='word_1_319' title='bbox 1658 1851 1762 1884; x_wconf 89' lang='lat' dir='ltr'>Merc.</span> <span class='ocrx_word' id='word_1_320' title='bbox 1778 1852 1850 1883; x_wconf 89' lang='lat' dir='ltr'>Iov.</span> <span class='ocrx_word' id='word_1_321' title='bbox 1868 1850 1953 1884; x_wconf 90' lang='lat' dir='ltr'>Ven.</span> <span class='ocrx_word' id='word_1_322' title='bbox 1969 1850 2003 1882; x_wconf 79' lang='lat' dir='ltr'>h.</span> <span class='ocrx_word' id='word_1_323' title='bbox 2016 1849 2075 1883; x_wconf 88' lang='lat' dir='ltr'>IX.</span> 
     </span>
     <span class='ocr_line' id='line_1_30' title="bbox 294 1901 2075 1947; baseline -0.002 -9"><span class='ocrx_word' id='word_1_324' title='bbox 294 1907 350 1939; x_wconf 87' lang='lat'>111.</span> <span class='ocrx_word' id='word_1_325' title='bbox 377 1907 562 1947; x_wconf 77' lang='lat' dir='ltr'>Theoloyiae</span> <span class='ocrx_word' id='word_1_326' title='bbox 574 1906 770 1946; x_wconf 77' lang='lat' dir='ltr'>doymaticae</span> <span class='ocrx_word' id='word_1_327' title='bbox 779 1909 904 1946; x_wconf 82' lang='lat' dir='ltr'>partem</span> <span class='ocrx_word' id='word_1_328' title='bbox 916 1905 1047 1936; x_wconf 88' lang='lat' dir='ltr'>alteram</span> <span class='ocrx_word' id='word_1_329' title='bbox 1059 1906 1126 1936; x_wconf 84' lang='lat' dir='ltr'>sive</span> <span class='ocrx_word' id='word_1_330' title='bbox 1138 1904 1307 1946; x_wconf 82' lang='lat' dir='ltr'>specialem</span> <span class='ocrx_word' id='word_1_331' title='bbox 1319 1903 1430 1935; x_wconf 86' lang='lat' dir='ltr'>tradet</span> <span class='ocrx_word' id='word_1_332' title='bbox 1442 1903 1474 1936; x_wconf 91' lang='lat' dir='ltr'>d.</span> <span class='ocrx_word' id='word_1_333' title='bbox 1488 1903 1571 1936; x_wconf 89' lang='lat' dir='ltr'>Lun.</span> <span class='ocrx_word' id='word_1_334' title='bbox 1586 1902 1683 1935; x_wconf 82' lang='lat' dir='ltr'>Mart.</span> <span class='ocrx_word' id='word_1_335' title='bbox 1698 1902 1801 1936; x_wconf 88' lang='lat' dir='ltr'>Merc.</span> <span class='ocrx_word' id='word_1_336' title='bbox 1815 1902 1885 1935; x_wconf 84' lang='lat' dir='ltr'>Iov.</span> <span class='ocrx_word' id='word_1_337' title='bbox 1893 1901 1978 1935; x_wconf 84' lang='lat' dir='ltr'>Ven.</span> <span class='ocrx_word' id='word_1_338' title='bbox 1990 1901 2023 1935; x_wconf 89' lang='lat' dir='ltr'>h.</span> <span class='ocrx_word' id='word_1_339' title='bbox 2032 1901 2075 1935; x_wconf 88' lang='lat' dir='ltr'>X.</span> 
     </span>
    </p>
   </div>
   <div class='ocr_carea' id='block_1_14' title="bbox 448 1961 2076 2002">
    <p class='ocr_par' dir='ltr' id='par_1_14' title="bbox 448 1961 2076 2002">
     <span class='ocr_line' id='line_1_31' title="bbox 448 1961 2076 2002; baseline -0.002 -6"><span class='ocrx_word' id='word_1_340' title='bbox 448 1963 754 1997; x_wconf 86' lang='lat' dir='ltr'>CHRISTIANUS</span> <span class='ocrx_word' id='word_1_341' title='bbox 779 1963 1050 1996; x_wconf 85' lang='lat' dir='ltr'>FRIDERICUS</span> <span class='ocrx_word' id='word_1_342' title='bbox 1075 1963 1220 1995; x_wconf 90' lang='lat' dir='ltr'>DAVID</span> <span class='ocrx_word' id='word_1_343' title='bbox 1244 1963 1484 2002; x_wconf 86' lang='lat' dir='ltr'>ERDMANN,</span> <span class='ocrx_word' id='word_1_344' title='bbox 1508 1963 1566 1994; x_wconf 89' lang='lat' dir='ltr'>Dr.</span> <span class='ocrx_word' id='word_1_345' title='bbox 1591 1961 1626 1994; x_wconf 91' lang='lat' dir='ltr'>P.</span> <span class='ocrx_word' id='word_1_346' title='bbox 1650 1962 1685 1994; x_wconf 91' lang='lat' dir='ltr'>P.</span> <span class='ocrx_word' id='word_1_347' title='bbox 1706 1961 1746 1995; x_wconf 94' lang='lat' dir='ltr'>O.</span> <span class='ocrx_word' id='word_1_348' title='bbox 1771 1962 1849 1994; x_wconf 89' lang='lat' dir='ltr'>hon.</span> <span class='ocrx_word' id='word_1_349' title='bbox 1894 1961 2076 1995; x_wconf 85' lang='lat' dir='ltr'>Publice.</span> 
     </span>
    </p>
   </div>
   <div class='ocr_carea' id='block_1_15' title="bbox 296 2014 2138 2078">
    <p class='ocr_par' dir='ltr' id='par_1_15' title="bbox 296 2014 2138 2078">
     <span class='ocr_line' id='line_1_32' title="bbox 296 2014 2138 2078; baseline -0.002 -29"><span class='ocrx_word' id='word_1_350' title='bbox 296 2018 550 2049; x_wconf 74' lang='lat' dir='ltr'>Exercitationes</span> <span class='ocrx_word' id='word_1_351' title='bbox 584 2017 760 2057; x_wconf 75' lang='lat' dir='ltr'>emeyeticas</span> <span class='ocrx_word' id='word_1_352' title='bbox 795 2020 823 2048; x_wconf 90' lang='lat' dir='ltr'>et</span> <span class='ocrx_word' id='word_1_353' title='bbox 857 2015 987 2047; x_wconf 87' lang='lat' dir='ltr'>biblico·</span> <span class='ocrx_word' id='word_1_354' title='bbox 997 2015 1187 2056; x_wconf 79' lang='lat' dir='ltr'>theoloyicas</span> <span class='ocrx_word' id='word_1_355' title='bbox 1221 2014 1374 2047; x_wconf 82' lang='lat' dir='ltr'>instituet</span> <span class='ocrx_word' id='word_1_356' title='bbox 1406 2015 1574 2057; x_wconf 80' lang='lat' dir='ltr'>epistulam</span> <span class='ocrx_word' id='word_1_357' title='bbox 1601 2014 1697 2046; x_wconf 79' lang='lat' dir='ltr'>Pauli</span> <span class='ocrx_word' id='word_1_358' title='bbox 1722 2015 1766 2046; x_wconf 88' lang='lat' dir='ltr'>ad</span> <span class='ocrx_word' id='word_1_359' title='bbox 1787 2014 1942 2078; x_wconf 71' lang='lat' dir='ltr'>Ephesios</span> <span class='ocrx_word' id='word_1_360' title='bbox 1970 2014 2077 2046; x_wconf 79' lang='lat' dir='ltr'>datam</span> <span class='ocrx_word' id='word_1_361' title='bbox 2136 2040 2138 2044; x_wconf 89' lang='lat'>.</span> 
     </span>
    </p>
   </div>
   <div class='ocr_carea' id='block_1_16' title="bbox 296 2066 2138 2164">
    <p class='ocr_par' dir='ltr' id='par_1_16' title="bbox 296 2066 2138 2163">
     <span class='ocr_line' id='line_1_33' title="bbox 296 2066 2138 2121; baseline -0.007 -21"><span class='ocrx_word' id='word_1_362' title='bbox 296 2069 526 2111; x_wconf 83' lang='lat' dir='ltr'>explicaturus</span> <span class='ocrx_word' id='word_1_363' title='bbox 550 2067 582 2099; x_wconf 91' lang='lat' dir='ltr'>d.</span> <span class='ocrx_word' id='word_1_364' title='bbox 604 2067 690 2100; x_wconf 90' lang='lat' dir='ltr'>Lun.</span> <span class='ocrx_word' id='word_1_365' title='bbox 714 2067 746 2098; x_wconf 86' lang='lat' dir='ltr'>h.</span> <span class='ocrx_word' id='word_1_366' title='bbox 770 2066 812 2099; x_wconf 93' lang='lat' dir='ltr'>V.</span> <span class='ocrx_word' id='word_1_367' title='bbox 839 2071 871 2098; x_wconf 88' lang='lat' dir='ltr'>et</span> <span class='ocrx_word' id='word_1_368' title='bbox 898 2066 950 2098; x_wconf 89' lang='lat' dir='ltr'>VI.</span> <span class='ocrx_word' id='word_1_369' title='bbox 2134 2081 2138 2121; x_wconf 49' lang='lat'>³.</span> 
     </span>
     <span class='ocr_line' id='line_1_34' title="bbox 446 2124 2138 2164; baseline -0.002 -4"><span class='ocrx_word' id='word_1_370' title='bbox 446 2127 688 2160; x_wconf 81' lang='lat' dir='ltr'>ERNESTUS</span> <span class='ocrx_word' id='word_1_371' title='bbox 712 2126 881 2164; x_wconf 81' lang='lat' dir='ltr'>KUEHL,</span> <span class='ocrx_word' id='word_1_372' title='bbox 905 2125 1027 2158; x_wconf 90' lang='lat' dir='ltr'>Theol.</span> <span class='ocrx_word' id='word_1_373' title='bbox 1047 2126 1127 2162; x_wconf 66' lang='lat' dir='ltr'>lic„</span> <span class='ocrx_word' id='word_1_374' title='bbox 1151 2125 1237 2158; x_wconf 82' lang='lat' dir='ltr'>Phil.</span> <span class='ocrx_word' id='word_1_375' title='bbox 1257 2125 1314 2158; x_wconf 88' lang='lat' dir='ltr'>Dr.</span> <span class='ocrx_word' id='word_1_376' title='bbox 1333 2124 1367 2158; x_wconf 90' lang='lat' dir='ltr'>P.</span> <span class='ocrx_word' id='word_1_377' title='bbox 1388 2125 1423 2158; x_wconf 91' lang='lat' dir='ltr'>P.</span> <span class='ocrx_word' id='word_1_378' title='bbox 1442 2126 1481 2158; x_wconf 81' lang='lat' dir='ltr'>E.</span> <span class='ocrx_word' id='word_1_379' title='bbox 1527 2125 1699 2157; x_wconf 89' lang='lat' dir='ltr'>Publice</span> <span class='ocrx_word' id='word_1_380' title='bbox 1723 2124 1748 2157; x_wconf 89' lang='grc' dir='ltr'>Ι.</span> <span class='ocrx_word' id='word_1_381' title='bbox 1778 2125 1921 2157; x_wconf 81' lang='lat' dir='ltr'>Primam</span> <span class='ocrx_word' id='word_1_382' title='bbox 1943 2124 2075 2163; x_wconf 62' lang='lat' dir='ltr'>Ioannis,</span> <span class='ocrx_word' id='word_1_383' title='bbox 2133 2145 2138 2157; x_wconf 83' lang='grc'><strong>.</strong></span> 
     </span>
    </p>
   </div>
   <div class='ocr_carea' id='block_1_17' title="bbox 295 2162 2138 2222">
    <p class='ocr_par' dir='ltr' id='par_1_17' title="bbox 295 2162 2138 2222">
     <span class='ocr_line' id='line_1_35' title="bbox 295 2162 2138 2222; baseline -0.002 -11"><span class='ocrx_word' id='word_1_384' title='bbox 295 2181 461 2221; x_wconf 75' lang='lat' dir='ltr'>epistulam</span> <span class='ocrx_word' id='word_1_385' title='bbox 483 2178 760 2222; x_wconf 81' lang='lat' dir='ltr'>interpretabitur</span> <span class='ocrx_word' id='word_1_386' title='bbox 783 2178 816 2211; x_wconf 90' lang='lat' dir='ltr'>d.</span> <span class='ocrx_word' id='word_1_387' title='bbox 838 2177 941 2210; x_wconf 88' lang='lat' dir='ltr'>Merc.</span> <span class='ocrx_word' id='word_1_388' title='bbox 959 2177 992 2210; x_wconf 92' lang='lat' dir='ltr'>h.</span> <span class='ocrx_word' id='word_1_389' title='bbox 1009 2176 1084 2209; x_wconf 83' lang='lat' dir='ltr'>XII.</span> <span class='ocrx_word' id='word_1_390' title='bbox 1128 2177 1326 2208; x_wconf 87' lang='lat' dir='ltr'>Privatim</span> <span class='ocrx_word' id='word_1_391' title='bbox 1349 2177 1389 2209; x_wconf 93' lang='lat' dir='ltr'>Il.</span> <span class='ocrx_word' id='word_1_392' title='bbox 1421 2177 1588 2219; x_wconf 74' lang='lat' dir='ltr'>Epistulas</span> <span class='ocrx_word' id='word_1_393' title='bbox 1603 2177 1699 2209; x_wconf 78' lang='lat' dir='ltr'>Pauli</span> <span class='ocrx_word' id='word_1_394' title='bbox 1721 2177 1764 2209; x_wconf 81' lang='lat' dir='ltr'>ad</span> <span class='ocrx_word' id='word_1_395' title='bbox 1781 2175 1962 2210; x_wconf 70' lang='lat' dir='ltr'>Corinthios</span> <span class='ocrx_word' id='word_1_396' title='bbox 1983 2176 2077 2208; x_wconf 83' lang='lat' dir='ltr'>datas</span> <span class='ocrx_word' id='word_1_397' title='bbox 2134 2162 2138 2180; x_wconf 65' lang='lat'><strong><em>⁵</em></strong></span> 
     </span>
    </p>
   </div>
   <div class='ocr_carea' id='block_1_18' title="bbox 295 2228 1208 2273">
    <p class='ocr_par' dir='ltr' id='par_1_18' title="bbox 295 2228 1208 2273">
     <span class='ocr_line' id='line_1_36' title="bbox 295 2228 1208 2273; baseline -0.002 -12"><span class='ocrx_word' id='word_1_398' title='bbox 295 2230 571 2273; x_wconf 86' lang='lat' dir='ltr'>interpretabitur</span> <span class='ocrx_word' id='word_1_399' title='bbox 594 2230 626 2263; x_wconf 88' lang='lat' dir='ltr'>d.</span> <span class='ocrx_word' id='word_1_400' title='bbox 648 2230 732 2263; x_wconf 93' lang='lat' dir='ltr'>Lun.</span> <span class='ocrx_word' id='word_1_401' title='bbox 757 2229 855 2262; x_wconf 83' lang='lat' dir='ltr'>Mart.</span> <span class='ocrx_word' id='word_1_402' title='bbox 879 2229 950 2261; x_wconf 81' lang='lat' dir='ltr'>Iov.</span> <span class='ocrx_word' id='word_1_403' title='bbox 977 2228 1060 2261; x_wconf 89' lang='lat' dir='ltr'>Ven.</span> <span class='ocrx_word' id='word_1_404' title='bbox 1084 2228 1116 2260; x_wconf 83' lang='lat' dir='ltr'>h.</span> <span class='ocrx_word' id='word_1_405' title='bbox 1135 2229 1208 2260; x_wconf 89' lang='lat' dir='ltr'>XII.</span> 
     </span>
    </p>
   </div>
   <div class='ocr_carea' id='block_1_19' title="bbox 296 2287 2078 2390">
    <p class='ocr_par' dir='ltr' id='par_1_19' title="bbox 296 2287 2078 2384">
     <span class='ocr_line' id='line_1_37' title="bbox 448 2287 2078 2330; baseline -0.001 -8"><span class='ocrx_word' id='word_1_406' title='bbox 448 2290 698 2323; x_wconf 86' lang='lat' dir='ltr'>EDUARDUS</span> <span class='ocrx_word' id='word_1_407' title='bbox 728 2289 932 2326; x_wconf 81' lang='lat' dir='ltr'><strong>BRATKE,</strong></span> <span class='ocrx_word' id='word_1_408' title='bbox 971 2288 1092 2320; x_wconf 89' lang='lat' dir='ltr'>Theol.</span> <span class='ocrx_word' id='word_1_409' title='bbox 1122 2288 1207 2330; x_wconf 92' lang='lat' dir='ltr'>Lic.‚</span> <span class='ocrx_word' id='word_1_410' title='bbox 1241 2288 1325 2321; x_wconf 83' lang='lat' dir='ltr'>Phil.</span> <span class='ocrx_word' id='word_1_411' title='bbox 1355 2288 1414 2320; x_wconf 88' lang='lat' dir='ltr'>Dr.</span> <span class='ocrx_word' id='word_1_412' title='bbox 1473 2288 1616 2320; x_wconf 83' lang='lat' dir='ltr'>Gratis</span> <span class='ocrx_word' id='word_1_413' title='bbox 1635 2289 1660 2321; x_wconf 94' lang='lat' dir='ltr'>I.</span> <span class='ocrx_word' id='word_1_414' title='bbox 1694 2289 1871 2320; x_wconf 82' lang='lat' dir='ltr'>Historiam</span> <span class='ocrx_word' id='word_1_415' title='bbox 1897 2287 2078 2329; x_wconf 61' lang='lat' dir='ltr'>dogmatum</span> 
     </span>
     <span class='ocr_line' id='line_1_38' title="bbox 296 2337 2077 2390; baseline -0.002 -17"><span class='ocrx_word' id='word_1_416' title='bbox 296 2343 543 2375; x_wconf 73' lang='lat' dir='ltr'>chrIstianorum</span> <span class='ocrx_word' id='word_1_417' title='bbox 561 2353 623 2384; x_wconf 88' lang='lat' dir='ltr'>per</span> <span class='ocrx_word' id='word_1_418' title='bbox 644 2343 792 2390; x_wconf 79' lang='lat' dir='ltr'>mediam,</span> <span class='ocrx_word' id='word_1_419' title='bbox 823 2352 904 2383; x_wconf 79' lang='lat' dir='ltr'>qaae</span> <span class='ocrx_word' id='word_1_420' title='bbox 926 2344 1069 2380; x_wconf 78' lang='lat' dir='ltr'>vocatur,</span> <span class='ocrx_word' id='word_1_421' title='bbox 1097 2343 1230 2372; x_wconf 88' lang='lat' dir='ltr'>aetatem</span> <span class='ocrx_word' id='word_1_422' title='bbox 1253 2339 1423 2371; x_wconf 87' lang='lat' dir='ltr'>enarrabit</span> <span class='ocrx_word' id='word_1_423' title='bbox 1445 2338 1477 2373; x_wconf 88' lang='lat' dir='ltr'>d.</span> <span class='ocrx_word' id='word_1_424' title='bbox 1502 2340 1604 2372; x_wconf 85' lang='lat' dir='ltr'>Mera.</span> <span class='ocrx_word' id='word_1_425' title='bbox 1627 2339 1660 2372; x_wconf 90' lang='lat' dir='ltr'>h.</span> <span class='ocrx_word' id='word_1_426' title='bbox 1684 2339 1757 2371; x_wconf 87' lang='lat' dir='ltr'>XII.</span> <span class='ocrx_word' id='word_1_427' title='bbox 1812 2338 2014 2371; x_wconf 78' lang='lat' dir='ltr'>Privatim</span> <span class='ocrx_word' id='word_1_428' title='bbox 2037 2337 2077 2371; x_wconf 84' lang='lat'>11.</span> 
     </span>
    </p>
   </div>
   <div class='ocr_carea' id='block_1_20' title="bbox 296 2391 2078 2477">
    <p class='ocr_par' dir='ltr' id='par_1_20' title="bbox 296 2391 2078 2477">
     <span class='ocr_line' id='line_1_39' title="bbox 296 2391 2078 2435; baseline -0.002 -11"><span class='ocrx_word' id='word_1_429' title='bbox 296 2394 473 2425; x_wconf 87' lang='lat' dir='ltr'>Historiam</span> <span class='ocrx_word' id='word_1_430' title='bbox 502 2394 681 2435; x_wconf 71' lang='lat' dir='ltr'>doymatum</span> <span class='ocrx_word' id='word_1_431' title='bbox 708 2394 955 2425; x_wconf 81' lang='lat' dir='ltr'>christianorum</span> <span class='ocrx_word' id='word_1_432' title='bbox 988 2392 1062 2423; x_wconf 84' lang='lat' dir='ltr'>inde</span> <span class='ocrx_word' id='word_1_433' title='bbox 1097 2402 1116 2423; x_wconf 94' lang='lat' dir='ltr'>a</span> <span class='ocrx_word' id='word_1_434' title='bbox 1150 2392 1375 2427; x_wconf 77' lang='lat' dir='ltr'>reformatione</span> <span class='ocrx_word' id='word_1_435' title='bbox 1408 2391 1559 2423; x_wconf 83' lang='lat' dir='ltr'>ecclesiae</span> <span class='ocrx_word' id='word_1_436' title='bbox 1590 2401 1691 2432; x_wconf 76' lang='lat' dir='ltr'>nsque</span> <span class='ocrx_word' id='word_1_437' title='bbox 1724 2391 1767 2422; x_wconf 82' lang='lat' dir='ltr'>ad</span> <span class='ocrx_word' id='word_1_438' title='bbox 1796 2393 1909 2422; x_wconf 80' lang='lat' dir='ltr'>nostra</span> <span class='ocrx_word' id='word_1_439' title='bbox 1937 2393 2078 2431; x_wconf 69' lang='lat' dir='ltr'>tempora</span> 
     </span>
     <span class='ocr_line' id='line_1_40' title="bbox 297 2444 846 2477; baseline 0.002 -2"><span class='ocrx_word' id='word_1_440' title='bbox 297 2444 434 2476; x_wconf 87' lang='lat' dir='ltr'>docebit</span> <span class='ocrx_word' id='word_1_441' title='bbox 458 2445 490 2477; x_wconf 92' lang='lat' dir='ltr'>d.</span> <span class='ocrx_word' id='word_1_442' title='bbox 514 2445 583 2477; x_wconf 87' lang='lat' dir='ltr'>Sat.</span> <span class='ocrx_word' id='word_1_443' title='bbox 608 2445 640 2477; x_wconf 89' lang='lat' dir='ltr'>h.</span> <span class='ocrx_word' id='word_1_444' title='bbox 665 2444 722 2477; x_wconf 88' lang='lat' dir='ltr'>IX.</span> <span class='ocrx_word' id='word_1_445' title='bbox 749 2449 781 2476; x_wconf 88' lang='lat' dir='ltr'>et</span> <span class='ocrx_word' id='word_1_446' title='bbox 804 2444 846 2476; x_wconf 94' lang='lat' dir='ltr'>X.</span> 
     </span>
    </p>
   </div>
  </div>
 </body>
</html>
