2138 2748
675 220 710 249 A.
730 219 877 248 GELLII
890 219 971 248 LIB.
990 219 1015 248 I.
1036 219 1119 254 QAP.
1136 219 1257 248 XVIII.
1277 219 1359 247 XIX.
1871 220 1907 253 11

283 318 330 339 eos
352 309 421 338 velle
443 308 534 347 dicein]
579 309 655 339 baec
678 310 696 338 a
719 308 900 347 quibusdam
922 308 1007 338 libris
1030 308 1157 338 absunt:
1182 309 1212 338 in
1235 309 1302 339 aliis
1325 308 1511 346 transposita
1533 311 1618 346 sunt3
1653 308 1724 338 dimit
1751 317 1801 338 eos
1829 308 1907 338 velle.

129 352 213 391 quod
236 351 364 382 Gellium
397 360 457 382 non
491 352 534 381 ita
566 352 727 390 scripsisse
750 351 824 382 satis
846 351 969 382 indicat.
1005 359 1083 388 quae
1113 351 1190 381 enim
1214 354 1296 381 esset
1319 351 1464 381 orationis
1494 351 1542 380 his
1564 351 1594 381 in
1617 351 1719 381 verbis
1741 351 1908 389 elegantia;

130 395 239 426 dicebat
261 394 359 425 diuina
383 394 511 424 oracula.
545 403 592 424 eos
615 395 684 424 velle
706 394 777 424 discit
798 393 974 424 venmndare
989 394 1125 423 nimirum
1141 395 1274 432 verbum,
1299 394 1381 432 quod
1397 394 1513 424 Gellius
1534 394 1734 432 pulcherrime
1755 394 1908 432 omiserat,

131 437 276 477 quodque
299 439 318 467 a
340 437 548 475 superioribus
570 438 694 467 volebat
715 437 823 475 repeti,
845 436 959 466 llbrarii
982 445 1037 466 seu
1060 436 1145 466 scioli
1169 438 1272 474 potius
1300 437 1358 467 huc
1386 437 1579 467 intruserunt.
1613 439 1695 467 recte
1723 437 1826 474 itaque
1853 445 1907 475 op-

130 481 222 511 timae
244 480 452 518 membranae3
475 489 537 509 esse
560 479 674 510 dicebat
697 479 795 509 diuina
817 479 952 517 oracula,-
975 488 1024 508 eos
1046 479 1114 508 velte
1136 479 1318 510 venumdare.
1363 479 1419 509 sed
1452 479 1510 510 hoc
1543 488 1638 518 genus
1672 479 1907 518 glossematibus

130 523 295 562 scriptores
317 523 455 561 plerique
479 532 584 552 omnes
608 525 678 553 sunt
700 520 989 553 contaminatissimi.
1022 530 1079 551 nos
1102 524 1184 552 certe
1207 531 1244 552 ex
1267 522 1409 552 Sallustio
1432 531 1493 552 non
1515 531 1613 560 pauca
1636 523 1820 552 sustulimus.

282 585 364 622 atque
386 583 571 621 immensum]
617 583 766 621 copulam,
789 585 882 620 atque,
905 581 1096 611 membranae
1120 581 1251 619 optimae
1273 582 1422 611 nesciunt.
1457 582 1571 619 scribe,
1595 583 1710 611 nimium
1731 582 1907 611 immensum.
1927 582 1942 613 fi
1961 582 1978 607 3

130 627 246 656 nimium
268 628 411 664 quantum,
435 625 538 655 mirum
560 629 702 664 quantum,
723 625 878 664 plurimum
900 627 1034 663 quantum
1056 624 1209 654 Romanos
1233 624 1347 654 dixisse
1369 625 1399 653 in
1422 624 1693 654 Emendationibus
1728 625 1767 662 [11
1801 625 1837 654 18
1867 624 1907 654 ct'.

129 668 480 750 avpgztlleqczrlffmljmsq]
513 668 613 700 docui.
648 667 726 697 adde
748 676 838 707 nunc,
871 668 987 697 nimium
1015 668 1188 696 immensum.
1231 676 1412 705 quamquam
1446 667 1505 696 hoc
1538 667 1597 696 alia
1631 667 1775 704 loquendi
1811 667 1907 697 forma

283 770 430 809 desiperet,
452 769 534 808 risit.]
579 768 772 799 anlidianus
805 769 898 808 liber3
931 769 1069 799 deriserit.
1104 778 1171 799 eum
1203 772 1236 799 vt
1268 770 1298 799 in
1331 769 1379 799 his
1407 769 1537 807 aliisque
1559 769 1671 799 talibus
1694 769 1907 799 additamentis
1924 774 1939 803 ς
1958 771 1976 797 4

129 810 283 843 meliorem
305 813 432 851 reliquis
454 812 582 842 libenter
607 810 610 853 Ι
635 821 699 842 sum
723 815 855 843 secutus.
1924 821 1952 848 p.
1970 813 2004 840 92

283 883 380 903 coram
402 882 435 902 eo
459 883 520 902 cum
543 872 621 912 iyni.]
667 882 709 909 eo,
734 873 821 902 deest
843 872 980 902 omnibus
1005 872 1186 902 membranis
1209 881 1286 909 quas
1309 872 1382 903 vidi.
1421 871 1447 901 ἀ
1481 880 1555 902 sane
1584 871 1703 901 videtur
1731 872 1761 901 in
1783 880 1907 902 numero
1926 876 1941 906 5
1960 875 1977 900 5

129 916 342 975 particularum
364 913 583 956 παρελκόντων
604 896 710 945 haberi
731 924 835 954 posse.

284 979 308 1005 et
331 979 386 1006 tres
408 975 516 1014 librom]
562 975 773 1013 antiquissima
796 975 900 1014 editio,
923 975 948 1004 ἃ
970 978 1097 1013 vterque
1119 975 1196 1004 liber
1217 975 1360 1012 Puteani·
1384 975 1532 1013 apposuit:
1561 975 1612 1004 tris
1634 973 1722 1004 libros
1743 984 1781 1004 ex
1808 983 1909 1005 nortem

129 1019 230 1049 deurit.
265 1019 396 1058 optimae
418 1021 519 1048 tamen
541 1019 732 1048 membranae
755 1018 975 1048 coniunctionis
998 1020 1099 1048 notam
1122 1020 1288 1056 apponunt.
1322 1018 1353 1047 in
1377 1018 1515 1047 omnibus
1549 1018 1639 1047 etiam
1669 1020 1715 1047 est
1746 1018 1814 1056 tris,
1846 1026 1908 1047 nou

128 1065 195 1100 tres,
218 1071 275 1092 nec
297 1062 373 1092 treis.

282 1121 406 1159 deussit]
451 1121 590 1159 plerique
613 1120 697 1158 libri3
720 1120 818 1149 deurit.
854 1119 972 1149 deurere
995 1120 1117 1149 verbum
1142 1122 1189 1150 est
1210 1120 1279 1150 huic
1300 1120 1344 1149 rei
1368 1120 1573 1158 designandae
1595 1120 1759 1158 proprium.
1794 1119 1909 1149 Primus

132 1164 266 1203 omnium,
300 1164 399 1202 inquit
430 1163 607 1193 Lactantius
641 1163 716 1192 libro
752 1163 790 1192 de
823 1163 868 1192 ira
900 1162 949 1191 dei
974 1162 1009 1200 [o.
1034 1162 1074 1201 91,
1108 1162 1286 1202 Protayoras
1314 1164 1416 1192 emstitit
1444 1162 1614 1201 temporibus
1636 1161 1764 1192 Socratis
1786 1163 1834 1201 qui
1855 1162 1911 1191 sibi

131 1205 234 1236 diceret
255 1216 312 1236 non
335 1207 440 1245 liquere
461 1209 554 1235 etrum
576 1209 646 1235 esset
669 1206 766 1244 aliqua
789 1205 923 1235 diuinitas
946 1214 1041 1234 necne.
1076 1214 1148 1244 quae
1171 1205 1323 1244 disputatio
1348 1207 1407 1235 eius
1431 1205 1503 1235 adeo
1525 1206 1613 1244 impia
1647 1209 1672 1234 et
1705 1208 1804 1235 contra
1836 1206 1908 1234 aeri—

130 1251 213 1279 tatem
235 1252 260 1278 et
281 1249 444 1288 religionem
467 1248 592 1278 iudicata
614 1251 663 1286 est,
686 1251 714 1277 vt
736 1251 760 1277 et
781 1249 873 1286 ipsum
897 1247 1077 1277 Athenienses
1099 1248 1256 1287 expulerint
1277 1249 1337 1277 suis
1350 1248 1462 1287 finibus
1481 1251 1505 1277 et
1522 1248 1610 1278 libros
1632 1249 1693 1277 eius
1714 1249 1744 1277 in
1766 1249 1909 1285 concione,

130 1290 232 1331 quibus
264 1292 334 1321 haec
367 1291 588 1330 continebantur,
622 1291 787 1321 deusserint.
823 1291 867 1320 sic
889 1291 931 1320 ibi
953 1300 981 1320 v.
1006 1300 1030 1321 c.
1060 1291 1208 1320 Minucius
1238 1291 1365 1321 Octauio
1401 1291 1437 1329 [c.
1462 1291 1479 1319 8
1503 1291 1523 1329 ἓ
1548 1291 1587 1329 3]‚
1621 1290 1775 1320 Abderiten
1807 1290 1909 1320 Pmla-

127 1343 240 1373 90ram‚
262 1335 372 1374 inquit,
395 1334 575 1364 Athenienses
597 1334 653 1363 viri
675 1334 799 1363 consulto
825 1334 922 1372 potius
950 1334 1035 1372 quam
1060 1334 1210 1372 prophane
1238 1334 1272 1363 de
1302 1334 1447 1363 diuinitate
1475 1333 1662 1372 disputantem
1690 1337 1715 1362 et
1743 1333 1910 1372 expulerunt

130 1378 191 1406 suis
214 1377 326 1416 finibus
359 1379 385 1406 et
418 1379 447 1407 in
481 1377 613 1406 concione
646 1377 753 1415 scripta
786 1377 846 1406 eius
869 1377 1043 1406 deusserunt.
1078 1377 1121 1406 ita
1143 1377 1241 1407 locum
1264 1377 1347 1406 illum
1377 1377 1402 1406 δι
1430 1377 1638 1415 suppleuimus
1666 1376 1692 1406 ἀ
1714 1377 1908 1406 correximus.

129 1419 200 1450 vide
221 1420 460 1450 Emendationes
483 1420 559 1450 libro
584 1419 718 1449 secundo
741 1428 808 1458 cap.
832 1418 944 1448 XVIII.

281 1489 319 1509 an
352 1479 449 1509 eodem
474 1479 593 1518 precio.]
645 1479 731 1508 aufer
762 1479 940 1518 particulam
974 1479 1064 1515 illam,
1088 1489 1138 1510 an.
1162 1488 1251 1517 quam
1282 1488 1338 1509 nec
1371 1480 1562 1509 membranae
1596 1487 1652 1509 nec
1684 1478 1909 1508 vetustissimae

131 1521 282 1552 editiones
304 1522 427 1553 habent.
462 1522 581 1552 suffecit
604 1522 715 1561 dicere,
738 1525 763 1550 et
785 1521 853 1560 quid
874 1522 952 1551 vellet
974 1530 1074 1551 emere.

282 1591 378 1621 regem
400 1582 606 1620 interroyauit].
651 1590 729 1611 vnae
751 1582 942 1612 membranae
965 1582 1110 1620 Puteani,
1144 1591 1217 1612 anus
1250 1582 1444 1621 interroyauit.
1478 1582 1509 1611 in
1537 1582 1596 1611 alio
1626 1582 1716 1611 etiam
1745 1581 1822 1611 libro
1846 1584 1909 1619 est3

131 1633 225 1664 reqem
246 1625 432 1663 interroyauit
453 1626 625 1655 sententiam.
661 1624 743 1662 quod
766 1626 785 1654 a
807 1625 911 1654 nescio
936 1634 996 1662 quo
1020 1625 1170 1655 adiectum
1194 1634 1262 1655 esse
1286 1625 1434 1663 suspicor.

283 1684 396 1723 placide
418 1685 539 1723 royauit,
562 1685 633 1723 tria]
680 1684 812 1722 optimae
835 1685 1042 1723 membranae,
1065 1685 1249 1723 interrogauit
1272 1694 1310 1713 an
1332 1684 1392 1713 tris.
1426 1684 1553 1713 Puteani
1575 1684 1668 1722 liber,
1691 1686 1773 1722 roqat
1788 1692 1827 1712 an
1848 1683 1908 1713 tris.
1927 1685 1942 1715 fi
1980 1683 1995 1709 7

131 1727 219 1766 illud,
243 1737 290 1766 an,
316 1729 334 1757 a
355 1727 486 1766 vulgatis
509 1727 666 1757 codicibus
689 1736 749 1757 non
770 1729 852 1757 recte
875 1728 971 1757 abest.

286 1787 337 1816 tris
359 1787 502 1826 reliquom]
547 1786 640 1824 Atqui
663 1789 724 1816 tres
746 1788 860 1816 tantum
882 1787 976 1816 libros
999 1787 1164 1824 'Tarquinio
1189 1786 1325 1825 Superbo
1349 1788 1367 1815 a
1390 1786 1515 1824 Sibylla,
1539 1786 1623 1816 cuius
1645 1786 1743 1815 Nolae
1767 1786 1909 1815 sacellum

133 1831 191 1868 est,
215 1829 334 1859 oblatos
357 1829 463 1868 fuisse,
487 1830 511 1859 ἃ
535 1830 611 1859 duos
633 1829 799 1867 Tarquinio
822 1830 943 1868 parcius
966 1830 1098 1868 precium
1122 1830 1267 1859 offerente
1290 1839 1379 1868 quam
1402 1830 1613 1867 postulabatur
1634 1829 1731 1867 ipsam
1754 1829 1908 1858 exussisse

133 1872 256 1903 Solinus
280 1872 320 1911 [11
342 1872 361 1911 ξ
389 1873 435 1911 17]
459 1873 570 1911 prodit.
603 1881 668 1902 cum
693 1881 752 1910 quo
777 1872 850 1902 facit
873 1872 897 1901 ἀ
920 1873 1045 1902 Plinius.
1100 1872 1177 1902 Inter
1199 1882 1304 1910 omnes,
1332 1873 1438 1911 inquit,
1468 1874 1594 1901 conuenit
1616 1870 1752 1911 Sibyllam
1774 1871 1815 1900 ad
1838 1871 1909 1900 Tar-

133 1915 260 1954 quinium
283 1913 441 1954 Superbum
464 1916 514 1945 tris
537 1915 623 1945 libros
647 1916 788 1944 attulisse:
820 1924 856 1944 eae
879 1914 978 1954 quibus
1007 1916 1065 1954 iqui
1087 1915 1143 1945 duo
1166 1916 1282 1944 cremati
1304 1914 1340 1944 ab
1363 1916 1438 1954 ipsa,
1461 1916 1557 1944 tertius
1586 1924 1647 1944 cum
1678 1913 1818 1953 Capitolio
1848 1912 1910 1943 Su!-

134 1957 208 1987 lanie
230 1957 410 1997 temporibus.
446 1958 522 1988 libro
545 1958 629 1989 XIII.
663 1967 729 1996 cap.
752 1958 825 1988 XIII
861 1957 890 1996 [ξ
914 1958 975 1996 88].
1011 1958 1066 1988 sed
1099 1957 1216 1988 Gellius
1249 1958 1413 1988 Varronem
1448 1957 1506 1996 [ap.
1540 1957 1625 1987 Lact.
1659 1958 1728 1987 inst.
1758 1957 1818 1987 div.
1841 1957 1855 1986 1
1879 1957 1907 1995 6]

132 2001 278 2039 sequitur.

289 2051 384 2081 eodem
406 2051 523 2090 precia]
568 2060 699 2090 repone,
731 2051 826 2081 eodem
854 2052 900 2082 illo
933 2053 1041 2090 precio.
1087 2052 1168 2089 quod
1190 2052 1303 2081 librarii
1326 2055 1438 2081 temere
1461 2054 1660 2089 mutauerant,
1694 2059 1770 2089 cum,
1799 2050 1857 2089 illo,
1891 2051 1911 2079 a

134 2094 316 2132 quibusdam
338 2094 423 2124 libris
447 2095 556 2124 abesse
579 2097 653 2124 nota
677 2092 681 2134 Ι
706 2094 836 2132 quadam
859 2095 889 2124 in
912 2095 981 2124 libri
1002 2095 1135 2132 margine
1158 2095 1351 2125 monuissem.
1927 2110 1954 2136 p
1972 2102 2007 2128 93

286 2146 402 2184 insuper
414 2145 581 2176 habendam.
585 2146 592 2184 ]
638 2145 716 2175 infra
727 2146 804 2175 libro
819 2148 925 2183 quarto
938 2155 1004 2184 cap.
1017 2146 1112 2184 primo
1130 2145 1160 2184 [ἓ
1178 2146 1235 2184 18].
1280 2145 1358 2174 Haec
1370 2154 1421 2183 e90
1434 2155 1495 2174 cum
1506 2144 1701 2183 philosophiae
1711 2153 1756 2173 me
1771 2143 1909 2173 decliuem
1926 2152 1941 2181 ς
1960 2149 1979 2175 8

133 2197 191 2218 non
212 2188 329 2227 insuper
350 2191 442 2218 tamen
464 2188 551 2218 habui
573 2188 691 2219 discere.
726 2188 752 2217 &
775 2189 856 2220 alibi.
889 2188 1083 2218 Buslidianus
1106 2189 1203 2218 codex
1226 2189 1310 2218 vocis
1333 2189 1421 2218 huius
1444 2188 1740 2225 interpretamentum
1763 2195 1818 2224 pro
1835 2186 1908 2216 Ger-

134 2239 225 2261 mana
248 2231 397 2269 scriptura
419 2231 515 2261 affert.
551 2231 644 2261 habet
667 2231 763 2270 enim,
785 2241 842 2261 non
864 2231 1052 2270 spernendam
1075 2231 1207 2270 intelliqit.
1240 2232 1356 2269 insuper
1370 2230 1474 2260 habere
1496 2240 1551 2268 pro
1567 2230 1705 2268 neyliyere
1720 2238 1779 2259 non
1795 2232 1911 2258 tantum

132 2274 158 2304 1.
171 2282 196 2304 o.
214 2274 245 2303 in
262 2274 283 2304 1.
301 2274 347 2304 17.
374 2274 421 2303 De
434 2273 480 2304 his
493 2283 571 2312 quae
584 2276 617 2303 vt
628 2274 771 2312 indignis,
788 2275 835 2312 [D.
849 2274 985 2312 XXXIV,
1002 2274 1030 2312 9]
1054 2274 1075 2303 1.
1087 2275 1126 2303 43
1141 2274 1179 2304 de
1190 2275 1323 2311 religios.
1354 2273 1379 2302 δι
1391 2276 1500 2311 sumpt.
1514 2273 1609 2303 funer.
1624 2272 1676 2310 [XI
1690 2272 1729 2310 7]-
1753 2272 1808 2301 sed
1821 2272 1910 2301 etiam

133 2316 292 2355 politiores
322 2317 485 2354 scriptores
514 2317 629 2346 dixisse
657 2317 715 2346 iam
745 2317 855 2347 dudum
879 2318 1072 2347 obseruatum
1095 2320 1158 2352 est3
1185 2326 1285 2355 neque
1308 2317 1440 2354 Apuleii,
1469 2315 1650 2353 Symmachi,
1679 2315 1805 2344 aliorum
1833 2314 1911 2344 hano

138 2359 169 2389 in
191 2367 253 2389 rem
278 2359 416 2397 exempla
439 2368 515 2398 opus
538 2360 637 2389 habeo
661 2359 720 2390 huc
741 2369 907 2390 accersere.
941 2360 1020 2389 Illud
1042 2362 1156 2389 tantum
1179 2360 1326 2398 monebo3
1347 2359 1514 2388 Arnobium
1534 2357 1700 2397 posthabere
1722 2367 1777 2395 pro
1794 2357 1911 2395 eodem,

134 2402 212 2432 libro
247 2402 393 2432 aduersus
427 2404 532 2440 gentes
567 2402 700 2432 seeundo
736 2402 772 2440 [c.
797 2404 858 2441 60]‚
892 2403 1016 2433 dixisse.
1060 2402 1129 2432 Ideo
1153 2401 1280 2432 Christus
1307 2403 1367 2431 licet
1396 2401 1476 2431 vobis
1498 2402 1592 2430 inuitis
1614 2401 1683 2429 deus
1705 2400 1751 2429 dei
1768 2399 1911 2439 principis

135 2445 261 2474 iussione
294 2445 409 2484 loquens
442 2444 493 2474 sub
527 2445 647 2475 hominis
667 2446 770 2483 forma
803 2446 928 2485 loquens,
963 2455 1025 2475 cum
1046 2445 1206 2475 mortalium
1228 2446 1311 2475 sciret
1333 2453 1447 2474 caecam
1469 2453 1530 2473 esse
1552 2447 1693 2481 naturam,
1716 2452 1806 2482 neque
1827 2443 1912 2472 allam

1708 2501 1742 2527 2*
