2138 2748
580 243 614 271 A.
635 242 783 270 GELLII
796 242 876 270 LIB.
897 242 922 271 I.
943 242 1026 270 GAP.
1045 242 1128 270 XVI.
1147 243 1250 271 XVII.
1268 243 1390 271 XVIII.
1857 244 1870 275 7

97 330 224 403 {lissima
245 331 390 403 ltnemoria
412 330 580 368 dignissimi
603 339 712 361 nomen
734 331 782 362 his
805 331 917 361 chartis
939 333 1069 361 aetatem
1092 331 1204 361 vtinam
1225 332 1350 362 victuris
1372 335 1404 362 vt
1426 332 1575 362 inseratur
1597 332 1718 363 omnino
1734 332 1877 370 mereri(.)

130 381 195 404 sum
218 381 251 403 es
265 394 274 403 .

251 423 318 454 Alia
350 424 424 454 mille
455 424 580 454 homines
613 424 760 454 dicendum
793 424 852 463 est]
897 424 973 454 haec
1005 424 1098 454 verba
1132 427 1202 455 sunt
1232 426 1263 454 in
1297 426 1516 463 antiquissimis
1550 426 1744 465 editionibus,
1776 427 1877 456 nullae

97 468 198 497 tamen
219 467 420 506 membranae,
442 476 481 496 ne
503 467 574 497 illae
593 467 715 506 quidem
737 475 814 505 quas
837 467 967 505 optimas
990 467 1122 506 nomino,
1145 477 1182 497 ea
1204 471 1392 506 receperunt.
1430 478 1612 507 quamquam
1645 479 1706 499 non
1738 469 1879 499 videntur

98 509 292 548 superfluere.
347 510 404 540 His
443 509 590 540 Gellianis
630 510 740 541 similia
771 509 911 540 videntur
948 510 979 539 in
1017 510 1110 540 Festo
1145 510 1257 548 fuisse,
1291 512 1316 540 si
1352 511 1548 549 fragmentum
1582 512 1797 542 Famesiannm
1831 521 1877 542 se-

99 552 246 614 quimur.b
259 561 328 582 nam
350 553 388 582 ab
411 552 634 591 Augustiniana
667 553 810 591 editione,
844 562 923 590 quae
956 552 1041 583 Festi
1074 553 1200 583 mutauit
1233 553 1367 583 ordinem
1390 563 1515 592 prorsus
1543 555 1661 584 absunt.
1696 555 1726 584 in
1755 555 1807 584 illo
1832 557 1878 585 est

99 594 139 634 [p.
165 595 222 625 153
251 618 259 634 ‚
285 595 324 624 20
347 595 402 634 MJ:

301 637 338 667 M
357 661 364 668 .
388 661 396 668 .
420 660 428 668 .
451 637 631 677 sinyulariter
653 637 684 667 di
705 659 1001 669 ..........

300 681 382 710 aliter
404 680 522 710 dicimus
545 690 608 710 cum
630 701 861 712 ........

97 731 180 770 quod
203 732 277 770 quin
297 730 446 770 significet
466 734 586 762 veteres
607 731 681 761 millo
704 731 894 769 singulariter
915 731 1040 771 dixisse,
1063 734 1096 762 vt
1116 731 1202 762 Festi
1224 734 1323 762 aetate
1347 732 1514 771 dicebatur,
1537 732 1668 763 dubitari
1692 743 1752 763 non
1776 734 1876 763 debet.

711 840 847 876 LIBRO
869 840 1010 876 PRIMO
1033 840 1127 876 OAP.
1150 840 1259 876 XVII.

244 911 354 942 perque
376 906 482 932 noctem
503 901 647 940 scatebat]
692 902 735 932 ita
758 911 861 932 omnes
885 902 1034 933 editiones
1058 902 1083 932 ἀ
1105 903 1270 941 pleraeque
1292 903 1493 933 membranae.
1518 903 1601 941 quod
1622 906 1723 934 tamen
1740 903 1877 934 Latinum
1895 905 1911 940 5
1933 907 1943 932 1

96 954 158 976 non
191 953 260 976 esse
294 945 450 984 existimo,
483 954 583 983 neque
616 945 778 975 locutionis
812 945 892 975 illius
927 946 1065 984 exempla
1098 946 1163 975 dari
1195 955 1289 984 posse
1322 955 1476 976 asseuero.
1518 946 1634 985 Cicero,
1657 947 1792 986 Plautus,
1827 947 1878 976 alii

96 988 236 1018 meliores
251 987 378 1018 Latinae
394 989 514 1027 linguae
537 988 672 1026 magistri
694 988 752 1018 hoc
774 988 897 1018 verbum
921 997 987 1018 cum
1010 988 1199 1027 auferendi[‚]
1223 998 1284 1018 non
1307 997 1373 1018 cum
1396 989 1494 1027 patrio
1519 998 1591 1019 casu
1610 990 1692 1019 soliti
1714 992 1785 1019 sunt
1807 998 1877 1020 con-

97 1030 231 1070 iungere.
266 1031 424 1061 emendaui
459 1032 475 1061 e
508 1031 585 1060 libro
620 1031 824 1068 manuscripto
859 1031 1036 1061 Buslidiano
1060 1031 1085 1062 ἅ
1108 1031 1289 1061 membranis
1313 1032 1449 1070 optimis3
1467 1042 1523 1070 per
1546 1032 1619 1062 diem
1637 1041 1747 1071 perque
1769 1036 1877 1062 noctem

94 1073 296 1113 satayebat.vt
318 1074 349 1104 in
371 1074 716 1104 Heautontimorumeno
742 1073 817 1102 dixit
838 1073 1001 1104 Terentius
1028 1075 1067 1113 [Π
1094 1076 1120 1113 1,
1147 1075 1184 1103 13
1207 1083 1236 1104 v.
1261 1074 1322 1103 225
1345 1074 1418 1112 Fl.]:

1182 1118 1233 1146 etsi
1254 1117 1279 1146 is
1301 1127 1396 1146 rerum
1419 1126 1537 1147 suarum
1560 1118 1672 1156 satagit.

95 1159 133 1189 de
156 1167 216 1198 quo
240 1159 312 1189 alibi
335 1159 479 1189 dicemus.

249 1209 313 1240 Has
335 1210 415 1249 eiua]
460 1211 522 1248 has,
557 1210 644 1239 deest
676 1210 829 1240 nonnullis
852 1210 1042 1240 membranis.
1077 1209 1103 1239 δι
1124 1212 1252 1248 vterque
1277 1211 1355 1240 liber
1382 1211 1509 1240 Puteani
1541 1211 1642 1249 habet,
1676 1211 1775 1249 iratus,
1809 1221 1875 1250 pro,
1896 1213 1911 1248 ξ
1931 1214 1948 1240 2

95 1252 258 1290 demiratus,
284 1253 367 1291 quod
390 1252 461 1283 ferri
482 1262 543 1283 non
565 1254 678 1291 potest.
713 1252 790 1282 forte
815 1253 986 1291 scripserit,
1008 1253 1144 1282 miratus:
1167 1253 1193 1282 ἀ
1216 1253 1313 1291 prima
1335 1253 1435 1283 littera
1458 1254 1569 1284 alicubi
1592 1254 1746 1283 aberrarit.

248 1294 397 1335 Quoniam,
421 1297 517 1335 inquit,
540 1294 693 1334 Socrates.]
737 1295 894 1334 Diogenes
921 1295 997 1325 haec
1019 1297 1110 1334 paulo
1134 1296 1221 1325 aliter
1249 1296 1381 1326 tradidit.
1425 1296 1615 1326 Alcibiadem
1649 1297 1770 1334 quidem
1803 1306 1874 1327 vxo-
1894 1300 1910 1334 9
1929 1301 1945 1326 3

94 1346 156 1368 rem
179 1340 240 1370 tam
262 1347 412 1369 morosam
435 1338 506 1369 ferri
528 1348 589 1368 non
613 1338 734 1378 debere,
758 1339 914 1368 censuisse
937 1338 1042 1368 scribit
1065 1339 1104 1377 [11
1127 1339 1156 1378 5,
1183 1340 1231 1378 17,
1254 1338 1273 1377 ξ
1299 1339 1360 1378 36],
1394 1339 1449 1369 sed
1477 1339 1560 1368 aliud
1588 1340 1719 1369 Socratis
1750 1349 1875 1378 respon-

97 1389 163 1411 sum
186 1381 287 1411 affert:
311 1382 452 1412 Socrates
474 1384 575 1411 tamen
599 1381 753 1411 auditores
776 1390 848 1411 suos
871 1381 1025 1411 monuisse
1047 1381 1150 1420 prodit
1172 1381 1214 1411 ita
1235 1391 1302 1411 cum
1324 1391 1418 1412 vxore
1451 1382 1561 1412 acerba
1594 1380 1652 1422 (sic
1685 1382 1763 1412 enim
1787 1383 1876 1412 inter-

95 1425 231 1462 pretatur
253 1423 380 1463 Gellius,
403 1433 469 1454 cum
492 1424 574 1463 aqud
598 1423 732 1454 Graecos
759 1424 798 1454 sit
823 1422 968 1465 τραχείᾳ)
991 1433 1060 1454 esse
1090 1425 1349 1454 consuescendum
1385 1425 1409 1454 ἀ
1442 1425 1696 1463 congrediendum
1725 1423 1875 1466 καθάπερ

97 1465 127 1497 οἱ
149 1465 267 1497 ἱππικοὶ
295 1465 491 1519 θυμοειδέσιν
518 1466 630 1506 ἵπποις,
652 1461 720 1496 ἀλλ’
744 1463 785 1503 ὡς
808 1465 919 1497 ἐκεῖνοι
939 1467 1055 1498 τοῢτων
1077 1465 1142 1507 [sic]
1158 1465 1380 1508 κρατήσαντες,
1403 1465 1516 1508 ῥᾳδίως
1531 1469 1591 1498 τῶν
1605 1465 1709 1498 ἄλλων
1730 1466 1845 1508 περιγί-
1870 1467 1873 1508 Ι
1894 1483 1920 1508 p.
1939 1475 1973 1501 85

98 1517 209 1549 νονται,
223 1507 336 1540 offirma«.
358 1508 420 1551 ἐγώ
434 1507 601 1551 Ξανθίππῃ
611 1507 780 1550 χρώμενος,
798 1512 861 1546 τοῖς
872 1507 978 1546 ἄλλοις
991 1507 1167 1550 ἀνθρώποις
1178 1508 1527 1551 συμπεριενεχθήσομαι
1550 1511 1579 1549 [1.
1603 1511 1622 1540 l.
1646 1511 1666 1550 ξ
1690 1511 1751 1549 37].
1790 1511 1875 1549 dico;

94 1552 237 1582 auditores
260 1562 337 1583 suos.
371 1553 473 1591 inepte
507 1553 621 1582 Laertii
654 1553 820 1591 interpres;
845 1553 1020 1591 familiares.
1056 1553 1166 1582 scimus
1200 1553 1278 1582 enim
1309 1553 1361 1591 qui
1389 1553 1515 1583 Graecis
1544 1554 1614 1592 sint,
1647 1553 1824 1591 praesertim
1847 1555 1873 1584 si

94 1595 132 1625 de
153 1594 345 1634 philosophis
368 1596 539 1635 loquantur,
564 1594 594 1626 οἱ
613 1593 770 1636 γνώριμοι.
817 1595 872 1625 sed
893 1595 968 1625 nihil
991 1598 1038 1625 est
1061 1596 1141 1625 omni
1163 1596 1215 1625 illa
1237 1596 1396 1626 tralatione
1418 1596 1598 1626 insubidius.

242 1638 426 1677 petulantiam
460 1642 484 1668 et
517 1638 671 1677 inium‘amd
706 1647 785 1668 noue
820 1638 900 1668 dixit
933 1639 1067 1668 iniuriam
1090 1639 1221 1676 aliorum,
1255 1648 1315 1668 non
1346 1647 1424 1676 quae
1448 1639 1515 1668 aliis
1538 1639 1684 1668 inferatur
1705 1639 1761 1668 sed
1783 1647 1872 1676 quam

94 1681 145 1710 alii
166 1680 305 1711 inferant.
351 1682 509 1712 Sallustius
532 1682 723 1711 historiarum
745 1682 821 1711 libro
844 1682 859 1710 I
879 1681 927 1720 [fr.
955 1682 1002 1718 10,
1035 1683 1069 1710 11
1097 1681 1144 1711 ed.
1168 1682 1250 1720 min.,
1277 1682 1317 1712 K.
1346 1682 1364 1711 9
1394 1682 1454 1720 D.].
1507 1681 1635 1711 Iniuriae
1663 1682 1822 1711 validorum
1848 1686 1873 1711 et

94 1723 129 1754 ob
152 1733 202 1754 eas
225 1723 359 1754 discessio
379 1724 479 1763 plebis.
493 1725 511 1753 ὰ
532 1723 662 1763 patribus
685 1724 816 1763 aliaeque
841 1724 1029 1754 dissensiones
1058 1724 1134 1754 domi
1153 1725 1239 1762 suere
1266 1726 1324 1753 iam
1351 1725 1416 1753 inde
1443 1726 1463 1753 ὰ
1486 1725 1630 1763 principio
1660 1725 1783 1754 iniuriae
1804 1725 1872 1754 vaii-

95 1766 204 1800 dorum,
229 1775 304 1804 quas
326 1767 488 1797 validiores
510 1767 690 1806 inferebant,
714 1769 877 1796 annotante
901 1767 1006 1796 Seruio
1030 1767 1069 1796 ad
1091 1767 1208 1805 Virgilii
1231 1766 1342 1805 Georg.
1366 1768 1474 1797 librum
1497 1767 1558 1796 1111
1581 1768 1619 1805 [v.
1644 1767 1727 1805 2381.

246 1819 355 1848 quoque
382 1809 493 1848 Varro.]
539 1811 654 1848 corrige
678 1819 835 1848 operarum
857 1810 962 1839 vitium
985 1810 1010 1839 ἀ
1033 1810 1146 1840 scribe:
1170 1809 1211 1839 M.
1235 1819 1345 1849 quoque
1372 1810 1474 1840 Varro.
1510 1811 1593 1848 quod
1615 1819 1798 1848 praenomen
1815 1811 1871 1840 etsi
1891 1815 1906 1848 g
1925 1814 1943 1840 4

94 1852 132 1882 ab
166 1852 306 1882 omnibus
338 1853 522 1883 editionibus
555 1854 658 1891 abest3
692 1853 723 1882 in
745 1852 927 1882 membranis
950 1855 1050 1882 tamen
1072 1853 1192 1884 mansit.
1229 1853 1351 1891 deinde,
1378 1853 1479 1891 lepide,
1506 1862 1568 1882 non
1590 1853 1693 1892 lepido.
1727 1862 1765 1882 ex
1787 1854 1872 1883 libris

92 1895 323 1933 antiquioribus.

244 1956 318 1985 quae
332 1947 411 1985 ferri
431 1947 554 1985 scilicet]
601 1955 705 1976 omnes
730 1947 897 1984 editiones3
919 1955 992 1984 quae
1007 1947 1085 1984 ferri
1106 1947 1209 1976 scilicet
1235 1947 1254 1975 ὰ
1276 1948 1338 1976 viro
1360 1947 1472 1976 honeste
1497 1950 1626 1985 possunt.
1659 1950 1785 1984 vterque
1814 1947 1869 1976 Pu·
1890 1951 1906 1985 g
1924 1952 1941 1977 6

93 1990 191 2028 teani,
224 1998 297 2029 quae
321 1991 404 2028 serre
436 1989 547 2028 sei[leg.
571 1990 685 2028 sciJIicet
718 1991 737 2018 ὰ
764 1990 836 2028 viro,
870 1992 919 2020 etc.
949 1989 980 2018 in
1002 1998 1127 2027 quarum
1147 1990 1261 2019 vtrauis
1290 1990 1438 2028 scriptura
1470 1990 1674 2019 Soloecismus
1712 1990 1871 2019 manifeste

93 2035 228 2071 apparet.
263 2033 395 2070 optimae
426 2033 632 2071 membranae3
666 2032 743 2071 quod
766 2033 845 2070 ferri
877 2032 980 2061 scilicet
1013 2033 1032 2061 ὰ
1064 2033 1126 2062 viro
1159 2033 1271 2062 honeste
1296 2036 1397 2071 potest.
1430 2033 1546 2071 vitium,
1576 2033 1682 2071 inquit,
1716 2033 1818 2062 vxor-is
1845 2033 1870 2062 si

93 2075 200 2113 corrigi
222 2084 283 2104 non
305 2078 416 2115 potest,
440 2076 486 2105 vir
508 2075 594 2105 ferat.
628 2076 732 2105 vitium
756 2075 844 2114 euim,
871 2083 937 2104 cum
960 2074 1073 2113 flagitio
1096 2075 1195 2105 leuius
1220 2076 1268 2114 sit,
1291 2075 1420 2105 honeste
1444 2075 1546 2106 fertur.

696 2184 831 2220 LIBRO
853 2183 994 2220 PRIMO
1016 2184 1112 2220 GAP.
1133 2184 1269 2228 XVHIi

243 2246 279 2276 In
301 2250 400 2286 quarto
416 2246 542 2285 decima]
587 2247 617 2276 in
645 2247 713 2276 libri
740 2247 829 2276 huius
846 2247 1071 2276 nomenclatura
1093 2247 1118 2276 ἃ
1146 2247 1217 2277 item
1245 2256 1368 2276 numero
1391 2247 1585 2276 vehementer
1606 2247 1788 2276 dissentiunt
1809 2251 1868 2276 tam
1887 2246 1903 2280 θ
1925 2247 1935 2272 l

92 2291 111 2319 a
133 2298 166 2320 se
188 2290 317 2319 inuicem
341 2298 430 2327 quam
453 2290 530 2319 inter
552 2298 586 2320 se
608 2290 799 2319 membranae
827 2290 852 2319 ἆ
878 2290 946 2319 libri
973 2290 1098 2328 vulgati.
1133 2299 1204 2320 ecce
1238 2290 1466 2327 antiquissimae
1497 2290 1646 2319 editiones
1674 2289 1800 2327 habentz,
1833 2289 1866 2319 Ιιι

88 2333 183 2370 primo
205 2332 240 2362 de
262 2334 371 2362 ratione
393 2331 594 2362 vocabulorum
616 2332 696 2362 libro.
732 2333 826 2371 aliae3
850 2333 878 2361 in
902 2332 1111 2371 quartodecimo
1134 2333 1168 2362 de
1190 2334 1300 2362 ratione
1324 2332 1522 2362 vocabulorum
1552 2331 1633 2363 libro.
1678 2332 1756 2361 adde
1785 2332 1868 2370 quod

92 2375 199 2413 capitis
222 2375 319 2414 ipsius
342 2376 450 2404 lemma
482 2375 575 2413 priori
610 2375 774 2414 scripturae
808 2375 948 2405 videatur
982 2376 1095 2414 fauere,
1129 2375 1198 2405 dum
1233 2385 1354 2413 eampse
1377 2378 1594 2413 repraesentat.
1629 2378 1659 2404 at
1681 2375 1867 2413 posteriores

91 2417 250 2456 editiones,
265 2419 294 2447 in
309 2418 517 2457 quartodecimo
532 2427 626 2447 rerum
642 2418 804 2447 diuinarum
819 2417 900 2448 libro.
925 2427 1014 2456 quam
1030 2419 1189 2448 lectionem
1208 2419 1238 2448 in
1253 2419 1388 2455 vtrisque
1411 2418 1538 2447 Puteuni
1561 2418 1763 2456 membdanJis
1778 2418 1867 2448 huius

93 2461 212 2498 quidem
236 2461 343 2499 capitis
366 2461 451 2490 initio
474 2461 624 2499 reperias:
648 2470 713 2491 cum
736 2464 836 2491 tamen
859 2462 889 2490 in
911 2462 1049 2491 lemmate
1072 2464 1218 2499 vtracque
1243 2461 1389 2498 habeant,
1412 2461 1441 2490 in
1456 2460 1664 2499 quartodecimo
1679 2461 1865 2490 humanarum
