2138 2748
1158 252 1178 284 8

276 354 487 389 ‘Tractatum
519 354 750 388 Harleianum'
789 356 832 387 ab
867 355 940 395 ipso
975 355 1147 387 Demetrio
1182 354 1344 387 Triclinio
1379 354 1607 395 conscriptum
1641 364 1726 386 esse.
1785 355 1935 394 Accedit,
1958 355 2059 396 ¹quod

277 407 469 440 ‘Tractatus
491 403 677 439 Harleiani’
711 406 942 447 paragraphos
979 407 1013 438 11
1047 409 1080 439 et
1111 407 1149 438 12
1183 416 1290 447 paene
1325 406 1368 438 ad
1400 406 1540 438 verbum
1573 405 1768 438 consentire
1801 415 1877 438 cum
1899 405 2059 439 Demetrii

282 458 434 491 Triclinii
448 458 724 490 commentariolo
738 458 826 490 infra
838 458 924 499 (pag.
941 459 976 490 11
992 458 1055 500 sq.)
1069 457 1209 498 docui.¹)
1237 458 1306 489 Nec
1318 458 1389 489 leve
1402 456 1546 498 denique
1557 457 1779 498 patrocinium
1785 457 2059 498 Westphalianae

281 509 468 542 sententiae
497 519 536 541 eo
559 510 691 542 videtur
718 510 831 550 parari
851 519 965 550 posse,
988 509 1087 550 quod,
1110 511 1147 541 ut
1168 509 1358 541 Demetrius
1382 508 1565 540 Triclinius
1587 508 1847 548 Hephaestionis
1870 508 2060 542 doctrinam

280 561 475 601 plerumque
489 562 623 592 secutus
635 560 660 602 ²)
671 562 806 601 praeter
822 560 1012 601 Sophoclis,
1026 560 1192 601 Aeschyli,
1209 560 1390 601 Euripidis,
1405 559 1644 600 Aristophanis
1656 561 1764 592 metra
1778 559 1958 600 praecipua
1980 569 2060 592 cura

279 612 418 644 Pindari
441 620 511 644 rem
534 612 709 644 metricam
735 613 965 652 perscrutatus
994 613 1055 650 est,
1086 611 1132 643 ita
1159 611 1194 642 in
1212 609 1387 643 ‘Tractatu
1408 608 1603 644 Harleiano’
1629 610 1708 642 inde
1734 620 1756 642 a
1783 611 1995 652 paragrapho
2017 611 2060 642 20

280 665 383 696 verba
397 663 670 704 Hephaestionea
685 663 848 704 exemplis
865 673 906 695 ex
921 662 1061 695 Pindari
1082 662 1297 704 potissimum
1313 662 1518 694 carminibus
1532 661 1694 703 Olympiis
1708 661 1823 702 petitis
1839 661 2059 700 illustrantur.

281 718 350 751 Sed
372 715 523 757 quamvis
546 716 672 747 temere
695 716 795 755 atque
819 714 963 755 insipide
986 713 1176 746 Demetrius
1200 713 1382 746 Triclinius
1405 713 1543 746 Pindari
1572 713 1724 745 carmina
1751 713 1957 752 tractaverit,
1986 715 2060 746 tam

280 777 459 810 perversae
489 768 567 798 sunt
597 765 734 806 aliquot,
770 775 853 806 quae
882 765 918 797 in
936 761 1111 796 ‘Tractatu
1133 760 1328 796 Harleiano’
1358 764 1436 796 inde
1464 774 1486 796 a
1507 764 1526 806 5
1547 765 1590 798 20
1617 765 1783 805 legimtur‚
1805 764 2060 800 Pindaricomm

280 828 439 852 versuum
453 817 696 858 explicationes
711 819 811 857 atque
827 817 912 848 adeo
928 816 1123 856 discrepant
1145 816 1188 847 ab
1204 815 1263 854 eis,
1280 825 1367 856 quae
1385 815 1420 847 in
1437 815 1575 848 scholiis
1590 815 1780 848 Pindaricis
1795 815 1840 848 ad
1853 815 2059 848 Demetrium

282 869 482 904 Triclinium
503 869 602 909 vulgo
626 868 740 899 relatis
764 867 806 899 de
833 867 942 900 isdem
963 867 1102 899 Pindari
1135 867 1288 899 versibus
1311 868 1556 908 proponuntur,
1583 869 1621 899 ut
1646 876 1746 907 aegre
1771 867 1834 899 tibi
1855 867 2059 908 persuadeas

282 922 426 955 eundem
444 919 644 952 Triclinium
656 921 726 951 tam
742 919 876 951 diversa
891 918 1034 951 diversis
1052 919 1261 959 temporibus
1280 918 1562 951 conscribillasse.
1607 918 1818 959 Quamquam
1832 918 2060 955 confitendum

283 975 334 1006 est
345 975 417 1005 tum
429 972 564 1003 demum
580 973 672 1002 certo
685 970 867 1002 iudicatum
880 970 920 1002 iri
941 969 983 1001 de
994 970 1057 1002 hac
1075 970 1282 1010 quaestione,
1300 969 1358 1001 ubi
1374 970 1580 1002 scholiorum
1595 969 1631 1001 in
1645 970 1831 1002 Pindarum
1844 969 2061 1007 metricorum

283 1026 371 1057 iusta
393 1023 546 1055 recensio
575 1021 618 1054 ad
646 1022 810 1054 libromm
839 1031 941 1053 manu
964 1021 1167 1061 scriptorum
1186 1020 1288 1052 fidem
1312 1021 1437 1062 publici
1461 1020 1543 1052 iuris
1566 1021 1656 1052 facta
1681 1020 1789 1055 fuerit.
1838 1020 1945 1060 Adde,
1970 1021 2062 1062 quod

277 1073 470 1108 ‘Tractatus
492 1068 678 1105 Harleiani’
703 1073 812 1105 oratio
835 1072 883 1105 eis
907 1072 1134 1105 locutionibus
1157 1082 1228 1104 non
1253 1074 1370 1111 scatet,
1399 1082 1484 1113 quae
1512 1072 1676 1104 Triclinio
1698 1072 1734 1104 in
1761 1071 1893 1104 deliciis
1915 1072 2060 1105 fuerunt.

435 1126 549 1165 Itaque
572 1124 711 1156 dubium
734 1126 796 1163 est,
818 1125 930 1156 utrum
953 1119 1146 1156 ‘Tractatus
1176 1122 1388 1156 Harleianus’
1419 1124 1462 1155 ab
1485 1123 1559 1164 ipso
1588 1123 1759 1155 Demetrio
1785 1123 2062 1157 Triclfflosmn·

284 1178 428 1218 scriptus
445 1177 489 1208 sit
504 1186 548 1208 an
562 1176 663 1216 paulo
679 1177 757 1216 post
773 1185 794 1207 a
811 1175 1102 1216 grammaticastro
1121 1175 1244 1216 aliquo,
1260 1175 1317 1216 qui
1333 1185 1407 1207 cum
1430 1175 1573 1208 aliorum
1591 1175 1633 1206 de
1649 1175 1844 1207 remetrica
1860 1174 2061 1215 scriptorum

283 1232 355 1261 tum
378 1227 532 1260 Triclinii
566 1227 692 1259 scrinia
726 1227 925 1267 compilarit.
983 1226 1125 1259 Constat
1157 1228 1270 1258 autem
1295 1226 1502 1259 Demetrium
1530 1225 1729 1258 Triclinium
1761 1225 1886 1258 vixisse
1919 1226 2063 1258 exeunte

285 1280 419 1313 saeculo
448 1279 579 1311 decimo
607 1278 707 1311 tertio
738 1280 771 1310 et
799 1278 936 1310 ineunte
965 1278 1095 1310 decimo
1125 1279 1254 1318 quarto,
1284 1277 1449 1318 siquidem
1472 1277 1544 1310 eius
1571 1287 1675 1309 manu
1696 1286 1786 1308 anno
1812 1277 1894 1309 1298
1916 1276 2061 1317 scriptus

284 1334 336 1365 est
359 1331 465 1363 codex
482 1327 637 1370 ‘Collegii
666 1327 762 1362 Novi'
787 1329 994 1362 Oxoniensis
1018 1328 1179 1368 CCLVIII,
1203 1339 1268 1370 quo
1290 1329 1479 1370 Aphthonii
1502 1331 1535 1361 et
1557 1327 1780 1368 Hermogenis
1802 1327 1880 1360 libri
1901 1326 2062 1361 rhetorici

286 1381 543 1423 contineutur³)‚
565 1390 656 1413 anno
682 1381 763 1412 1316
786 1391 864 1421 pars
887 1381 990 1421 prior,
1013 1390 1104 1413 anno
1130 1381 1211 1412 1319
1234 1390 1313 1421 pars
1336 1380 1506 1421 posterior
1529 1380 1655 1412 codicis
1677 1379 1795 1412 Veneti
1817 1378 1978 1412 Marciani
1998 1378 2064 1411 464

282 1433 422 1467 Hesiodi
446 1433 596 1465 carmina
618 1431 914 1473 complectentis-4).

285 1573 414 1605 στοιχείου
434 1573 541 1603 σημεῖον
559 1570 667 1603 ἔχουσα·
687 1568 732 1594 ὅτε
750 1566 771 1594 δ’
792 1566 849 1594 ἀντὶ
868 1569 983 1601 μακρᾶς,
1001 1569 1080 1594 τοῦτο
1103 1565 1331 1602 ἀπεστραμμένον
1349 1566 1444 1594 οὑτωσί
1462 1581 1508 1600 -η,
1533 1566 1624 1602 μακροὶ
1645 1566 1767 1600 δηλονότι
1790 1562 1818 1592 ἓν
1835 1567 1872 1600 τῷ
1894 1566 1965 1599 τέλει
1987 1560 2062 1593 adem

286 1616 362 1641 νεῦον
381 1613 538 1648 (κατανεῦον
553 1611 586 1646 Q)
604 1611 634 1638 τὸ
653 1612 701 1637 τοῦ
714 1612 735 1639 T
748 1612 825 1645 (ἰῶτα
841 1609 878 1644 R)
898 1614 1005 1645 σημεῖον
1024 1612 1131 1644 ἔχουσα.
1151 1612 1252 1644 βέλτιον
1269 1611 1322 1644 γοὶρ
1340 1610 1425 1637 ταῦτα
1443 1612 1544 1637 τιθέναι
1561 1612 1608 1636 καὶ
1626 1609 1805 1643 διαγινώσκειν
1821 1609 1886 1636 ποία
1904 1607 1972 1636 &niv
1989 1609 2063 1644 (ποιά

284 1660 352 1684 ἐστιν
371 1656 408 1690 Β)
426 1655 444 1689 ἡ
468 1655 544 1689 κοινὴ
563 1655 581 1688 ἧ
606 1656 793 1687 πλανωμένους
811 1655 882 1686 τινας
900 1654 930 1680 τὸ
954 1657 1037 1680 ποιεῖν
1062 1654 1174 1687 γράφειν
1192 1658 1264 1680 ποεῖν
1288 1655 1371 1687 (ποεῖν
1390 1662 1423 1680 ex
1441 1657 1524 1680 ποιεῖν
1542 1654 1644 1680 factum
1662 1652 1698 1684 Ε,
1717 1657 1799 1679 ποιεῖν
1819 1652 1852 1687 Q)
1872 1650 1994 1686 ἀμαθῶς,
2015 1655 2064 1680 καὶ

284 1701 361 1735 φύσει
385 1700 468 1733 βραχὺ
488 1700 600 1732 φωνῆεν,
623 1699 685 1731 ἔχον
704 1699 734 1724 δὲ
753 1697 906 1731 ἐπαγόμενοι
924 1698 971 1724 δύο
990 1697 1125 1731 σύμφωνα,
1153 1697 1188 1724 ὦν
1205 1698 1235 1724 τὸ
1259 1694 1383 1730 δεύτερον
1400 1695 1576 1730 ἀμετάβολον,
1599 1695 1643 1722 οἰεῑ
1665 1695 1722 1722 ἀντὶ
1738 1697 1795 1730 (τοῦ
1815 1696 1878 1723 add.
1899 1695 1932 1730 Q)
1955 1697 2063 1729 μακροῦ

283 1744 434 1778 λαμβάνειν,
457 1742 475 1776 ἡ
503 1742 537 1776 (εἰ
555 1741 593 1774 Β)
615 1744 663 1768 καὶ
685 1741 716 1767 τὸ
739 1741 816 1774 φύσει
839 1741 922 1774 βραχύ
946 1742 1057 1774 φωνῆεν,
1085 1741 1150 1767 ὅταν
1171 1743 1210 1772 εἰς
1232 1742 1313 1774 μέρος
1333 1740 1416 1774 λόγου
1439 1741 1592 1774 καταλήγῃ,
1619 1740 1667 1773 τὴν
1691 1740 1797 1773 μακράν
1820 1739 1984 1771 isarnum
2000 1737 2063 1765 ἀντὶ

285 1788 390 1821 μακροῦ
408 1785 557 1819 λαμβάνειν
577 1784 678 1811 ἄτοπον
695 1784 749 1818 γαρ
769 1787 841 1818 οἶμαι
858 1784 936 1810 τοῦτο’
956 1784 1045 1818 (τοῦτο
1066 1783 1128 1818 QR)
1146 1793 1186 1817 γε.
1209 1784 1293 1810 ταῦτα’
1312 1784 1407 1817 (ταῦτα
1422 1782 1483 1818 QR)
1504 1792 1548 1816 μοι
1565 1783 1632 1816 πρὸς
1650 1783 1713 1814 τοὺς
1730 1785 1791 1817 (art.
1810 1791 1864 1810 om.
1882 1781 1921 1817 Β)
1939 1782 2062 1814 συνετοὺς

285 1834 387 1864 εἴρηται
411 1831 459 1855 καὶ
476 1830 527 1854 τῶν
550 1830 651 1861 μέτρων
669 1829 781 1862 ἔχοντας
799 1831 899 1861 πεῖραν.
917 1829 976 1854 κτλ.

440 1873 568 1899 Ceterum
591 1872 646 1898 duo
670 1871 711 1898 illi
729 1871 861 1898 Demetn'i
879 1871 1002 1897 Triclinii
1030 1870 1250 1897 commentarioli
1276 1870 1304 1896 in
1327 1869 1422 1896 multis
1448 1869 1577 1902 leguntur
1599 1869 1753 1900 codicibus;
1780 1869 1852 1895 conf.
1877 1876 1900 1895 e.
1919 1876 1944 1902 g.
1971 1868 2064 1895 annal.

288 1916 422 1950 philolog.
442 1923 466 1941 a.
487 1915 553 1941 1867
573 1923 634 1948 pag.
653 1915 706 1940 610
723 1923 773 1948 sq..
797 1914 900 1940 Anecd.
919 1914 980 1940 Var.
1000 1914 1011 1940 I
1030 1922 1090 1947 pag.
1114 1914 1146 1939 91
1167 1922 1217 1948 sq..
1242 1913 1364 1940 codicem
1382 1913 1577 1940 Monacensem
1596 1913 1647 1938 104
1667 1912 1727 1946 (fol.
1745 1912 1808 1946 336)
1831 1911 1860 1938 in
1881 1911 1941 1946 lgm
1957 1910 2065 1938 Hardtii

289 1960 416 1993 catalogo
436 1958 563 1984 codicum
580 1966 646 1984 mss.
665 1958 852 1984 bibliothecae
871 1957 964 1990 regiae
976 1957 1127 1983 Bavaricae
1145 1957 1157 1983 1
1169 1965 1230 1991 pag.
1243 1957 1304 1987 559,
1324 1956 1434 1983 codices
1452 1956 1625 1982 Dresdensoe
1643 1956 1687 1982 Da
1703 1956 1735 1982 21
1756 1958 1784 1982 et
1795 1956 1838 1982 Da
1855 1955 1891 1982 22
1907 1955 1953 1989 (de
1965 1955 2066 1989 quibus

289 2003 360 2030 conf.
389 2002 559 2028 scholiorum
583 2001 803 2035 Sophocleorum
827 2000 976 2027 editionem
999 2000 1207 2027 Dindorflanam
1224 2001 1249 2027 II
1275 2008 1337 2034 pag.
1361 2000 1413 2026 405
1436 2002 1463 2026 et
1480 1999 1533 2026 ⁴08
1551 2001 1578 2026 et
1595 1999 1666 2033 383),
1685 1999 1840 2026 Parisinum
1857 1999 1926 2026 2⁷13
1945 1999 1991 2033 (de
2007 2006 2064 2033 quo

289 2047 360 2073 conf.
387 2045 558 2072 scholiorum
581 2044 792 2078 Euripideorum
811 2044 961 2071 editionem
983 2044 1192 2070 Dindorfianam
1214 2045 1227 2070 I
1249 2051 1311 2077 pag.
1335 2043 1380 2074 lx,
1405 2042 1639 2069 Schwartzianam
1662 2043 1674 2068 1
1702 2050 1764 2076 pag.
1788 2042 1843 2075 VI),
1866 2041 2066 2076 Angelicanum

288 2091 308 2117 C
326 2090 343 2116 5
362 2090 374 2115 1
393 2089 437 2123 (de
457 2096 512 2122 quo
533 2088 604 2114 conf.
623 2088 712 2114 schol.
731 2083 823 2121 Euffip.
843 2088 886 2114 ed.
904 2087 1030 2114 Dindorf.
1050 2087 1061 2113 1
1079 2095 1142 2121 pag.
1160 2087 1265 2120 xvm).
1285 2086 1409 2112 codicem
1426 2085 1613 2112 bibliothecae
1630 2085 1797 2112 Marchionis
1815 2085 1850 2111 de
1868 2084 2001 2111 Rosanbo
2013 2085 2065 2112 Μ

288 2134 333 2166 (de
353 2141 408 2166 quo
429 2132 500 2158 conf.
520 2131 670 2158 Hem-icum
687 2131 792 2158 Omont
805 2127 971 2164 ‘Catalogue
990 2131 1039 2156 des
1058 2130 1223 2157 manuscrits
1247 2137 1324 2163 greca
1349 2130 1398 2156 des
1417 2126 1631 2162 departements’
1652 2128 1765 2154 Parisiis
1785 2128 1852 2155 1886
1869 2135 1932 2162 pag.
1950 2127 1986 2154 70
2002 2127 2080 2162 sq.)..

288 2176 412 2202 codicem
430 2174 624 2208 An'stophanis
648 2174 811 2200 Vaticanum
832 2174 901 2200 1294
917 2181 989 2200 saec.
1009 2174 1068 2199 XIV
1091 2173 1169 2200 initio
1193 2173 1329 2203 mutilum,
1357 2180 1391 2199 ex
1413 2179 1468 2206 quo
1492 2171 1708 2198 Laurentianum
1731 2170 1816 2198 XXXI
1833 2171 1852 2197 4
1871 2170 2065 2205 transcriptum

287 2227 348 2245 esse
367 2218 506 2252 perspexit
525 2218 668 2245 Conradus
687 2218 800 2248 Zacher‚
820 2219 871 2243 etc.

442 2261 462 2294 ¹)
482 2262 561 2288 Conf.
581 2261 664 2287 etiam
682 2261 811 2287 scholion
830 2260 1028 2287 Triclinianum
1046 2260 1074 2286 in
1093 2260 1232 2293 Aristoph.
1249 2259 1320 2285 Nub.
1338 2259 1390 2285 639
1407 2258 1480 2285 infra
1497 2266 1560 2292 pag.
1578 2258 1621 2284 27.

439 2304 462 2337 ²)
482 2304 747 2330 Conf.Gui1elmum
765 2304 885 2330 Dindors
900 2303 928 2330 in
948 2302 1117 2329 scholiorum
1135 2302 1345 2336 Euripideorum
1363 2301 1484 2328 editione
1501 2302 1514 2328 1
1533 2309 1595 2335 pag.
1613 2301 1708 2328 XXIII.
2099 2328 2104 2331 ,

443 2346 464 2379 ³)
483 2347 562 2373 Cous.
581 2347 691 2373 Henrici
710 2347 786 2373 Coxe
799 2346 970 2380 ‘catalogum
995 2346 1120 2372 codicum
1138 2354 1213 2377 mss..
1236 2345 1283 2379 qui
1306 2345 1335 2371 in
1359 2345 1484 2378 collegiis
1503 2345 1630 2378 aulisque
1649 2344 1854 2371 oxoniensibus
1871 2343 1956 2371 hodie
1973 2343 2064 2370 adsur-

288 2387 391 2416 vantur
412 2392 482 2423 paint
501 2389 643 2423 l(Oxonii
664 2390 741 2423 1852)
761 2390 865 2423 Colleg.
884 2390 952 2416 Nov.
971 2397 1032 2422 pag.
1052 2390 1094 2415 92.

442 2432 464 2465 ⁴)
484 2433 562 2459 Conf.
578 2432 724 2466 ‘Exempla
747 2434 873 2460 codicum
892 2433 1059 2460 Graecorum
1082 2431 1181 2458 litteris
1203 2430 1366 2458 minusculis
1393 2428 1561 2464 scriptorum'
1587 2431 1649 2457 edd.
1674 2399 1947 2457 Gui1.wutenh=eh
1970 2431 2000 2456 et
2015 2429 2066 2456 Au.

287 2484 343 2502 von
362 2476 463 2502 Velsen
483 2476 695 2510 (Heidelbergae
715 2476 792 2510 1878)
811 2485 873 2510 pag.
892 2477 908 2502 6
927 2484 969 2510 sq.
988 2478 1016 2502 et
1033 2475 1088 2501 tab.
1108 2475 1176 2501 XXI.
1967 2487 1970 2491 .

974 2539 1082 2549 κΛΛΜ
