2138 2748
1174 256 1194 288 8

452 362 525 400 Qua
547 362 581 393 in
605 371 640 393 re
663 371 732 392 non
754 361 863 401 longis
886 361 1064 392 verborum
1086 360 1282 400 ambagibus
1304 361 1389 398 utar,
1413 369 1487 391 cum
1510 359 1739 400 interpretum,
1760 359 1951 400 Kiesslingii
1983 368 2064 400 prae

299 414 429 452 ceteris,
444 413 718 445 adnotationibus
735 412 907 453 inspectis,
931 411 1096 443 immerito
1113 411 1313 452 scripturam
1335 411 1492 443 traditam
1516 410 1557 442 iis
1580 411 1673 449 locis,
1695 410 1753 442 ubi
1769 420 1868 442 nemo
1883 410 1993 443 adhuc
2007 412 2065 443 aut

297 465 551 506 prudentiorum
570 466 659 496 certe
675 474 774 496 nemo
787 463 936 502 offendit,
961 463 1074 503 sperni
1097 462 1199 494 visuri
1224 462 1314 500 sitis;
1337 462 1394 494 ubi
1406 464 1518 494 autem
1533 471 1570 493 re
1584 471 1664 493 vera
1679 461 1849 494 offendere
1861 462 1935 503 quis
1945 461 2065 504 possit,

300 517 345 548 ibi
369 516 404 548 C.
429 515 584 548 remediis
607 515 802 556 plerumque
825 515 925 546 nimis
949 514 1090 546 fortibus
1113 523 1153 546 ac
1174 523 1293 555 parum
1314 513 1545 554 probabilibus
1567 523 1648 545 usus
1665 515 1726 552 est,
1749 513 1839 554 quod
1854 513 1928 554 ipsa
1941 513 2066 547 utrius-

300 578 362 609 que
386 567 569 610 scripturae
593 566 843 607 comparatione
868 567 970 607 patet.

452 627 518 666 Sic,
540 630 578 659 ut
599 627 771 658 nonnullis
795 627 956 667 exemplis
980 626 1151 666 defungar,
1185 625 1304 666 quibus
1338 624 1451 657 omnia
1474 624 1543 656 fere
1565 624 1694 666 reliqua
1716 625 1839 657 similia
1861 627 1950 664 sunt,
1982 635 2011 658 c.
2042 625 2066 658 L

299 679 330 717 5,
341 679 379 710 10
391 688 459 710 11011
472 678 572 710 nimis
585 678 719 719 quidem
732 679 821 710 certe
833 678 875 710 ab
889 677 1040 718 apicibus
1051 676 1184 708 traditis
1206 676 1262 717 qui
1275 686 1407 717 semper
1418 686 1591 715 vacuam,
1604 686 1737 717 semper
1748 677 1927 710 amabilem
1938 674 2066 718 Sperat'

298 741 322 772 p
347 729 569 770 praecedente
593 729 698 767 abest,
723 729 812 770 quod
835 729 870 761 C.
894 728 1004 769 poscit
1020 726 1256 769 ‘placidam’,
1290 728 1351 760 sed
1373 728 1512 760 omnino
1542 730 1632 760 recte
1654 728 1737 760 illud
1767 738 1804 760 se
1830 729 1933 761 habet
1960 738 2068 770 neque

301 783 382 820 erat,
412 791 470 813 cur
499 781 615 813 Orellii
637 780 948 821 interpretationem
970 779 1090 811 merito
1113 779 1155 811 ab
1178 779 1430 811 Hirschfeldero
1454 781 1620 811 servatam
1642 775 1794 811 ‘vacuam
1816 780 1859 811 ab
1881 779 1956 812 aliis
1977 789 2070 813 ama·-

301 833 430 864 toribus
455 832 584 873 sibique
606 832 706 864 unice
728 827 883 863 deditam'
909 833 1092 872 sperneret,
1116 840 1214 871 quam
1238 832 1364 862 rectam
1387 840 1462 862 esse
1485 830 1558 870 ipsa
1581 830 1748 862 sententia
1769 831 1948 863 manifesto
1961 831 2069 870 docet,

302 886 339 916 ut
354 884 473 916 merito
490 886 523 916 et
537 883 758 924 Kiesslingius
775 885 808 915 et
822 883 1106 923 Dillenburgerus,
1128 882 1179 914 vir
1195 881 1452 914 candidissimus
1469 883 1502 913 et
1518 881 1660 922 simplici
1675 882 1744 913 veri
1767 892 1869 914 sensu
1889 882 2072 923 praeditus,

303 946 344 967 ne
378 936 596 968 adnotatione
630 935 764 976 quidem
793 944 890 975 egere
924 934 1013 966 hunc
1046 934 1157 965 locum
1191 933 1392 966 censuerint.
1439 933 1494 965 Sic
1517 933 1539 964 Ι.
1565 933 1603 964 13
1625 943 1656 964 v.
1682 933 1719 965 17
1744 933 1782 972 si,
1806 934 1895 975 quod
1917 934 2070 967 Bentleio

303 989 449 1026 auctore,
473 987 529 1028 qui
552 987 695 1019 lectores
717 986 815 1018 unice
838 986 882 1018 ad
896 985 1097 1026 interpretes
1120 985 1260 1026 delegat,
1283 994 1378 1026 nego,
1397 980 1535 1023 ‘oscula‚
1559 994 1644 1026 quae
1658 985 1770 1016 Venus
1786 984 1935 1023 Quinta
1955 987 2071 1027 parte

305 1039 356 1071 sui
379 1039 525 1071 nectaris
554 1036 679 1070 imbuit'
704 1037 940 1070 emendatione
963 1039 1084 1078 egeret,
1108 1038 1197 1069 certe
1216 1034 1387 1075 ‘Quanta
1409 1033 1543 1076 parte’,
1567 1036 1657 1076 quod
1678 1035 1833 1068 Ramirez
1857 1036 1898 1069 de
1919 1036 2031 1069 Prado
2052 1047 2073 1069 a

303 1090 456 1122 Bentleio
480 1091 761 1122 commemoratus
776 1089 926 1130 protulit,
948 1088 1206 1129 praeferendum
1228 1089 1318 1119 esset
1341 1090 1374 1119 et
1391 1087 1526 1119 conatui
1540 1087 1775 1119 Lowinskiano
1790 1097 1910 1128 parum
1925 1087 2074 1129 gratioso

299 1140 442 1174 ‘Uncta
456 1140 558 1182 parte’
583 1143 616 1173 et
632 1141 940 1179 Cornelisseniano,
956 1140 1148 1172 dubitanter
1165 1149 1246 1171 sane
1261 1138 1404 1179 prolato,
1423 1135 1557 1170 ‘Gutta
1572 1137 1696 1170 forte'
1720 1148 1790 1171 non
1805 1139 1912 1180 magis
1927 1138 2075 1180 gratioso

304 1194 337 1224 et
359 1202 379 1224 a
403 1193 568 1233 scriptura
589 1192 713 1224 tradita
734 1192 867 1233 longius
891 1191 1040 1223 distanti.
1074 1191 1171 1230 Tum,
1205 1192 1242 1222 ut
1264 1189 1368 1230 gradu
1390 1190 1490 1231 paulo
1515 1189 1674 1221 celeriore
1696 1190 1887 1230 procedam,
1913 1190 1936 1222 1.
1962 1190 2012 1230 15,
2035 1190 2075 1222 15

300 1243 430 1276 ‘Inbelli
454 1244 582 1275 cithara
605 1244 754 1275 carmina
777 1241 949 1275 divides’
984 1243 1020 1274 in
1047 1238 1227 1274 ‘tinnies'
1262 1242 1388 1274 nodum
1411 1242 1480 1274 fere
1504 1242 1538 1273 in
1567 1242 1678 1282 scirpo
1707 1252 1872 1283 quaerens
1895 1244 2002 1275 mutat
2025 1242 2077 1286 C.;

309 1296 360 1335 31,
384 1296 402 1327 7
427 1306 476 1336 sq.
517 1294 603 1328 ‘Non
628 1305 714 1334 rura,
738 1305 822 1336 quae
836 1295 923 1326 Liris
947 1294 1059 1336 quieta
1079 1294 1236 1326 Mordet
1258 1303 1344 1335 aqua
1366 1293 1552 1326 taciturnus
1576 1289 1693 1325 amnis’
1717 1294 1752 1325 in
1764 1292 1947 1333 ‘Mulcet';
1969 1293 2077 1334 35,13

299 1343 456 1388 ‘populus
480 1343 683 1388 frequens'
714 1347 748 1378 in
771 1342 984 1384 ‘fremens';
1017 1346 1054 1377 Π.
1085 1346 1112 1385 1,
1141 1346 1184 1378 20
1207 1356 1255 1387 sq.
1296 1344 1376 1377 ‘Iam
1411 1345 1519 1386 fulgor
1551 1355 1722 1377 armorum
1763 1345 1897 1386 fugaces
1931 1345 2080 1378 Terret

307 1397 418 1440 equos’
444 1399 478 1430 in
496 1395 692 1436 ‘Turbat’;
716 1399 745 1437 7,
770 1399 810 1430 14
827 1394 1064 1439 ‘paventem'
1090 1397 1123 1429 in
1142 1395 1372 1434 ‘latentem’;
1394 1397 1445 1436 20,
1464 1397 1503 1429 19
1521 1395 1700 1438 ‘peritus'
1725 1397 1759 1429 in
1777 1393 1981 1430 ‘revictus’
2005 1399 2078 1437 etc„

308 1450 364 1492 qui
386 1450 452 1482 loci
475 1450 614 1482 omnino
639 1451 712 1482 sani
737 1452 769 1482 et
791 1452 848 1482 aut
870 1452 960 1482 recte
984 1448 1140 1490 explicati
1163 1451 1242 1480 sunt
1264 1450 1321 1480 aut
1343 1448 1566 1489 explicatione
1589 1448 1727 1480 omnino
1750 1458 1821 1481 non
1843 1450 1951 1490 egent.

458 1511 499 1542 Et
533 1510 562 1542 si
595 1511 658 1542 hae
691 1510 894 1542 mutationes
929 1510 998 1542 fere
1031 1519 1148 1542 omnes
1183 1509 1266 1541 satis
1300 1509 1474 1541 modestae
1508 1511 1595 1548 sunt,
1630 1510 1724 1549 aliae,
1757 1509 1859 1542 veluti
1893 1519 1942 1549 ea,
1979 1519 2078 1552 quam

308 1562 455 1594 secundo
486 1562 560 1594 loeo
590 1572 692 1603 supra
714 1562 823 1603 posui,
858 1572 900 1593 ne
934 1561 1121 1593 accuratius
1155 1561 1289 1602 quidem
1323 1561 1539 1602 argumentis,
1573 1561 1693 1602 quibus
1728 1561 1800 1602 ipse
1833 1561 2079 1594 emendationis

309 1616 449 1646 conatus
478 1613 604 1652 nititur,
628 1613 827 1645 examinatis
851 1613 929 1645 inde
951 1614 992 1645 ab
1017 1613 1113 1645 initio
1137 1612 1326 1645 reiciendae
1350 1614 1437 1651 sunt,
1461 1613 1539 1654 quia
1567 1613 1659 1645 omni
1687 1612 1923 1654 probabilitate
1944 1612 2080 1654 palaeo—

311 1666 471 1706 graphica
494 1667 618 1697 carent.
664 1665 713 1697 Ex
737 1675 877 1706 quarum
900 1675 1040 1697 numero
1064 1663 1257 1706 speciminis
1281 1664 1355 1696 loco
1379 1664 1440 1696 has
1465 1664 1618 1702 offeram3
1640 1664 1690 1696 111.
1713 1665 1743 1703 4,
1766 1664 1786 1696 5
1807 1659 2009 1696 ‘Auditis‘ae'
2031 1673 2080 1696 an

309 1727 362 1749 me
380 1717 463 1748 ludit
479 1717 632 1748 amabilis
649 1713 817 1749 insaniaP³
842 1715 1198 1756 Horatius,‘Ordire!
1223 1712 1312 1747 iam’
1337 1715 1389 1753 C.;
1412 1715 1442 1754 5,
1459 1716 1479 1747 8
1497 1714 1571 1756 ‘pro
1595 1716 1705 1748 curia
1727 1716 1917 1757 inversique
1938 1713 2079 1748 moresl'

309 1769 359 1807 H.,
377 1769 544 1800 saecula
561 1768 658 1807 C.;8,
678 1769 714 1800 17
733 1765 839 1800 ‘Mitte
855 1768 1000 1800 civiles
1024 1778 1124 1809 super
1138 1768 1222 1800 urbe
1238 1767 1342 1800 curas'
1360 1768 1411 1807 H.,
1436 1768 1610 1801 subtiles
1628 1768 1681 1808 C.;
1704 1768 1756 1807 27,
1771 1768 1812 1800 27
1829 1777 1878 1808 sq.
1890 1763 2081 1800 ‘medias-

310 1830 384 1861 que
407 1820 541 1852 fraudes
565 1820 676 1852 timuit
698 1818 814 1852 audax’
839 1819 986 1861 (Europe
1010 1819 1069 1862 sc.)
1091 1820 1131 1852 H.
1156 1819 1444 1860 Thetidosque
1468 1819 1504 1851 C.
1529 1822 1591 1851 etc.

461 1880 523 1912 Vix
557 1880 656 1912 credo
692 1891 732 1912 ex
766 1881 1106 1921 duodequadraginta,
1141 1880 1271 1921 opinor,
1296 1880 1498 1911 coniecturis
1521 1890 1541 1911 a
1563 1880 1598 1912 C.
1630 1889 1700 1911 non
1724 1879 1796 1911 sine
1823 1878 1977 1911 acumine
2001 1887 2082 1911 sane

312 1931 481 1973 plerisque
503 1932 644 1973 prolatis
666 1942 769 1964 unam
792 1932 839 1964 ita
862 1934 1089 1973 comparatam
1112 1942 1197 1971 esse,
1228 1933 1264 1963 ut
1286 1931 1327 1964 de
1351 1941 1390 1964 ea
1422 1931 1457 1963 in
1490 1932 1669 1964 verborum
1686 1948 1688 1950 ·
1703 1931 1856 1964 ordinem
1889 1930 2084 1972 recipienda

312 2089 381 2118 utar,
405 2088 633 2121 pusillanimitate
657 2090 714 2114 tam
738 2088 821 2121 longe
840 2088 945 2118 absum,
969 2090 999 2114 ut
1017 2095 1074 2114 non
1092 2088 1176 2114 modo
1201 2096 1262 2114 cum
1281 2087 1476 2114 Cornelisseno
1501 2094 1639 2117 censeam.
1668 2086 1795 2113 omnihus
1823 2085 1867 2112 his
1893 2085 2085 2119 similibusque

314 2138 410 2157 eorum
428 2131 577 2158 noscendis
596 2132 711 2158 humani
730 2131 832 2165 ingenii
859 2131 931 2158 vires
958 2131 1004 2158 vix
1030 2139 1112 2165 pares
1140 2131 1338 2158 existimandus
1366 2139 1437 2162 esse,
1464 2131 1513 2157 sed
1542 2130 1625 2157 etiam
1652 2130 1771 2161 credam,
1797 2130 1870 2156 vires
1897 2129 1962 2156 illas
1987 2129 2094 2156 melius·

314 2175 441 2209 usurpari
460 2178 487 2202 et
505 2183 588 2210 posse
608 2178 635 2202 et
653 2176 754 2202 debere
778 2184 862 2209 quam
885 2176 920 2202 ad
939 2175 1064 2202 laborem
1087 2175 1167 2202 illum
1190 2183 1259 2202 sane
1281 2175 1448 2202 Herculeum
1472 2174 1682 2201 exanclandum.
1716 2173 1853 2208 Equidem
1875 2173 1959 2207 igitur
1981 2172 2084 2204 uncio.

314 2227 378 2245 num
398 2219 453 2245 alia
472 2220 554 2246 etiam
573 2222 656 2246 antea
674 2220 709 2246 ab
728 2220 790 2246 aliis
808 2219 920 2246 inventa
939 2220 1007 2251 sint;
1027 2228 1060 2246 ex
1078 2219 1121 2250 iis,
1141 2227 1213 2253 quae
1230 2219 1291 2253 ipse
1309 2221 1422 2245 enotata
1440 2218 1540 2249 habeo,
1558 2221 1615 2244 tres
1633 2220 1740 2244 1311111111
1759 2218 1837 2244 locos
1855 2217 1927 2244 tales
1944 2217 2082 2244 indicatos

313 2262 419 2289 inveni:
439 2271 461 2289 c.
480 2263 517 2289 111
537 2264 559 2294 1,
579 2264 614 2289 20
631 2263 658 2289 in
677 2263 802 2289 versibus
822 2263 986 2290 ‘Destrictus
1011 2263 1085 2289 ensis
1109 2263 1152 2289 cui
1176 2270 1259 2296 super
1281 2263 1366 2296 impia
1384 2262 1496 2289 Cervice
1523 2262 1626 2296 pendet
1652 2270 1709 2288 non
1728 2261 1837 2288 Siculae
1864 2261 1950 2295 dapes
1967 2259 2084 2287 Dulcem

315 2306 499 2332 elaborabunt
516 2315 653 2340 soporem,
673 2307 734 2333 Non
753 2307 862 2333 avium
881 2307 1058 2341 citharaeque
1077 2309 1174 2333 cantus
1193 2307 1326 2333 Somnum
1344 2303 1483 2333 reducent’
1503 2305 1559 2332 iam
1576 2305 1656 2332 A.w.
1666 2313 1721 2332 van
1731 2305 1802 2332 Geer
1818 2305 1847 2331 in
1866 2304 1964 2338 quinta
1980 2304 2088 2331 decima

314 2349 434 2376 thesium
459 2343 646 2376 dissertationi
669 2359 736 2377 suae
759 2351 794 2377 de
818 2351 940 2377 fontibus
959 2350 1100 2377 Plutarchi
1123 2351 1151 2377 in
1170 2350 1233 2376 vitis
1252 2350 1439 2377 Gracchorum
1457 2350 1498 2384 (L.
1517 2350 1547 2376 Β.
1567 2358 1591 2376 a.
1612 2350 1689 2384 1878)
1712 2350 1881 2376 adnexarum
1903 2348 1986 2375 scribi
2009 2347 2089 2375 iussit

315 2393 446 2424 fidium;
464 2394 508 2420 111.
530 2394 569 2425 14,
588 2395 604 2420 5
623 2402 664 2428 sq.
680 2393 803 2421 ‘Unico
822 2395 946 2428 gaudens
964 2395 1063 2421 mulier
1081 2395 1180 2421 marito
1193 2394 1312 2421 Prodeat
1329 2394 1412 2420 castis
1431 2396 1544 2427 operata
1567 2391 1698 2424 sacris',
1721 2393 1768 2419 uhi
1786 2393 1923 2426 Integre
1943 2394 1970 2418 81
1988 2392 2087 2419 donis

314 2437 458 2470 proposuit
471 2437 688 2470 Cornelissenus,
707 2438 776 2464 illud
789 2438 939 2472 praeripuit
950 2438 1027 2465 Aeni.
1039 2438 1181 2465 Baehrens
1201 2438 1244 2465 ed.
1263 2438 1365 2465 Catulli
1377 2438 1402 2464 11
1414 2446 1440 2472 p.
1455 2438 1517 2469 113;
1534 2437 1578 2464 Iv.
1590 2437 1615 2468 41.
1634 2437 1668 2463 14
1679 2445 1721 2471 sq.
1730 2435 1835 2463 ‘fulvae
1847 2436 1942 2463 matris
1955 2435 1990 2463 ab
2003 2435 2088 2462 ubere

315 2479 492 2507 Lactante'
513 2482 573 2516 (pro
589 2480 667 2508 ‘lam
685 2479 799 2516 lacte')
814 2481 972 2516 ‘depulsum
990 2480 1105 2509 leonem'
1128 2482 1214 2509 edidit
1231 2482 1327 2509 Franc.
1346 2482 1440 2516 Pauly.
