2138 2748
0 2410 8 2543 :s-qzsssffr
0 2392 3 2395 =
0 2324 3 2339 κ
0 2252 2 2254 <

963 271 1004 304 23

104 377 192 409 mat..
209 373 306 408 Mart.
324 371 510 408 Merc.10v.
526 371 558 404 h.
571 370 620 403 VI
642 381 736 413 vesp.
770 372 825 404 111.
862 372 996 412 Cursum
1017 374 1276 415 microscopicwm
1298 373 1462 409 tironibus
1485 374 1582 409 offert
1604 374 1656 407 bis
1679 385 1739 416 per
1761 374 1860 407 hebd.

105 424 199 462 horis
221 423 318 457 binis.
362 421 648 460 Privatissime
670 422 728 454 1v.
773 423 811 456 In
832 423 972 455 instituto
990 423 1298 465 phytophysioloqico
1320 434 1455 467 operam
1479 424 1607 463 ‹lami-is
1630 425 1746 458 aderit.

254 489 495 524 AUGUSTUS
519 489 580 522 DE
604 489 914 526 MIASKOWSKI.
939 491 996 524 Dr.
1019 491 1054 524 P.
1077 492 1113 524 P.
1138 492 1177 524 O.
1215 492 1503 526 Privatissime
1527 498 1566 525 et
1587 493 1712 536 gratis
1735 494 1760 526 L
1795 495 1861 526 Ea:-

106 543 304 576 ercitationes
334 542 695 584 politico-oeconomiam
728 541 956 573 moderabitur
989 542 1040 574 bis
1063 554 1123 585 per
1146 543 1244 576 hebd.
1269 543 1301 577 b.
1319 544 1384 577 def.
1428 544 1624 576 Privatim
1640 544 1680 578 11.
1726 545 1862 578 Oecono-

103 595 186 627 miae
201 593 351 636 politicae
369 596 493 634 partem
514 593 682 634 specialem
710 592 846 624 docebit
875 597 994 635 quater
1021 603 1080 636 per
1109 594 1210 627 hebd.
1234 594 1266 627 h.
1289 595 1347 627 IV.
1391 595 1447 628 111.
1493 596 1677 628 Docti-inam
1696 596 1862 635 mamam

99 645 297 687 publicorum
319 643 430 676 tradet
453 647 571 687 quater
593 654 654 686 per
676 643 776 677 hebd.
801 644 832 677 h.
846 643 887 677 V.
930 644 989 676 IV.
1034 646 1082 677 De
1109 656 1144 677 re
1172 646 1284 678 sociali
1310 646 1344 678 in
1372 647 1504 688 imperio
1529 646 1716 679 Germanico
1739 651 1767 679 et
1790 647 1861 679 Bm·-

104 697 229 728 tamiico
253 694 396 727 disseret
419 695 520 726 semel
543 705 603 737 per
624 694 725 727 hebd.
749 695 781 728 h.
805 694 863 727 IV.

209 802 214 807 ι
253 753 448 788 IACOBUS
471 753 692 791 ROSANES.
723 754 780 788 Dr.
808 754 843 787 P.
867 755 903 787 P.
928 754 967 787 O.
1012 755 1298 788 Privatissime
1321 762 1354 788 et
1377 757 1518 789 Gratis
1544 758 1568 790 1.
1612 758 1862 791 Exercitationes

102 806 336 839 mathematicas
365 807 400 838 in
421 807 592 839 seminario
621 806 978 848 mathematico-physico
1002 807 1229 839 moderabitur
1252 808 1354 840 semel
1376 819 1437 850 per
1459 808 1559 841 hebd.
1603 809 1797 841 Privatim
1821 808 1861 840 11.

103 857 266 890 Elementa
287 858 425 890 theoriae
447 858 667 899 aequationem
691 857 941 898 alyebraicarum
966 862 1112 900 exponet
1135 863 1254 901 quater
1275 870 1336 902 per
1359 859 1459 893 hebd.
1483 860 1515 892 h.
1528 859 1617 892 v111.

255 916 496 950 GUSTAVUS
520 916 762 950 ADOLPHUS
786 917 979 953 ENGLER.
1004 918 1062 950 Dr.
1085 918 1121 951 P.
1143 920 1179 952 P.
1204 919 1244 952 O.
1280 919 1452 953 Publice
1475 919 1500 953 Ι.
1533 920 1759 959 &maioma
1782 929 1862 961 quas

103 972 218 1001 vocant
238 968 412 1009 botanicas,
436 970 514 1010 (una
538 979 611 1000 cum
635 968 739 1000 Paxio
763 968 847 1011 priv.
872 968 959 1010 doc.)
982 969 1142 1003 instituet.
1187 970 1381 1002 Privatim
1406 971 1448 1003 11.
1492 971 1665 1004 Botanicen
1694 971 1861 1013 specialem

102 1019 267 1062 (familias
290 1020 468 1058 naturales)
497 1023 643 1062 exponet
672 1019 852 1064 quinquies
880 1030 940 1064 per
962 1020 1062 1052 hebd.
1090 1020 1122 1052 d.
1145 1021 1227 1054 Lun.
1251 1026 1284 1053 et
1297 1021 1381 1055 Ven.
1404 1021 1437 1054 h.
1451 1021 1479 1052 V
1494 1026 1526 1053 et
1540 1021 1596 1062 VI,
1620 1021 1651 1054 d.
1674 1022 1744 1054 Iov.
1768 1020 1800 1054 h.
1816 1020 1861 1053 VI

105 1070 139 1102 in
166 1070 267 1103 horto
296 1070 466 1104 botanico.
510 1070 794 1102 Privatissime
820 1071 877 1104 III.
924 1071 1058 1104 Cursum
1085 1073 1342 1114 microscopicum
1370 1073 1520 1105 instituet
1547 1072 1579 1105 d.
1602 1073 1704 1107 Mero.
1735 1077 1768 1104 et
1790 1072 1860 1104 Sat.

104 1121 138 1156 h.
171 1121 222 1165 XI
254 1125 287 1154 et
319 1121 395 1164 XII.
453 1122 739 1154 Privatissime
774 1126 808 1154 et
842 1122 980 1154 Gratis
1014 1122 1072 1155 1V.
1130 1124 1169 1156 In
1205 1124 1397 1157 laboratorio
1434 1124 1518 1156 horti
1552 1124 1690 1158 botanici
1725 1133 1860 1166 operam

103 1171 231 1207 ‹lami-is
254 1172 371 1206 aderit.

253 1236 536 1270 THEODORUS
561 1236 743 1275 WEBER.
777 1237 836 1270 Dr.
861 1237 897 1270 P.
930 1237 966 1270 Ρ.
997 1237 1037 1270 Ο.
1102 1238 1274 1270 Publice
1300 1239 1325 1272 1.
1373 1240 1622 1279 Eaeercitatioms
1655 1239 1862 1281 philosophas

102 1288 254 1326 instituet
276 1287 308 1322 d.
331 1288 435 1321 Merc.
458 1288 491 1322 h.
514 1288 573 1322 IV.
617 1289 812 1327 Privatim
834 1289 876 1321 11.
919 1289 1095 1322 Historiam
1117 1290 1338 1332 philosophiae
1369 1291 1554 1323 recentioris
1581 1290 1748 1322 enarrabit
1770 1289 1858 1322 dieb.

105 1339 187 1374 Liui.
210 1339 311 1382 Mart.
334 1339 405 1379 Iov.
430 1340 513 1373 Ven.
536 1340 569 1374 h.
591 1340 650 1373 IV.
693 1340 750 1372 ΠΙ.
794 1340 1040 1382 Metaphysicam
1062 1340 1173 1372 tradet
1195 1341 1227 1373 d.
1251 1341 1349 1377 Mart.
1372 1340 1570 1374 Merc.Ven.
1594 1341 1626 1374 h.
1642 1340 1682 1374 V.

251 1399 409 1432 BENNO
433 1399 674 1435 ERDMANN,
701 1400 758 1432 Dr.
781 1399 815 1431 P.
838 1401 875 1432 P.
899 1399 939 1432 O.
984 1399 1156 1432 Publice
1177 1400 1203 1433 Ι.
1246 1402 1497 1434 Exercitationes
1515 1401 1720 1443 philosophas
1743 1399 1859 1432 mode-

101 1451 228 1484 rabitur
259 1451 369 1483 meii
395 1452 598 1493 inquisitione
626 1452 799 1483 intellectus
827 1452 957 1483 humani
991 1451 1034 1483 ad
1063 1451 1297 1493 explicandum
1325 1453 1503 1495 proposita
1529 1452 1561 1484 d.
1588 1452 1687 1484 Mart.
1715 1451 1749 1485 h.
1775 1451 1804 1483 V
1827 1456 1861 1483 et

103 1502 161 1536 VI.
194 1502 384 1536 Privatim
399 1502 442 1535 II.
475 1503 716 1544 Psycholoyiam
739 1502 875 1535 docebit
897 1502 927 1536 d.
945 1502 1027 1535 Lun.
1051 1502 1147 1534 Mart.
1171 1503 1240 1536 Iov.
1253 1502 1339 1536 Ven.
1362 1503 1396 1537 b.
1412 1503 1470 1536 IV.
1502 1503 1559 1536 III.
1593 1504 1642 1536 De
1658 1503 1859 1545 philosophia

101 1555 212 1588 Kana-'0'
234 1553 378 1589 disseret
400 1553 433 1586 d.
455 1553 538 1587 Lun.
561 1558 596 1587 et
616 1554 686 1586 Iov.
710 1552 744 1586 h.
761 1553 802 1586 V.

251 1613 530 1647 FRANCISCUS
559 1613 858 1650 PRAETORIUS
888 1614 946 1646 Dr.
975 1613 1011 1646 P.
1037 1613 1072 1646 P.
1101 1613 1141 1647 O.
1185 1613 1356 1645 Publice
1379 1614 1403 1646 Ι.
1448 1613 1575 1655 Scripta
1602 1613 1736 1654 Syriaca
1762 1614 1861 1646 inter·

102 1665 288 1708 pretabitur
311 1665 343 1698 d.
365 1665 469 1698 Mero.
491 1665 524 1697 h.
550 1665 591 1698 V.
634 1664 827 1697 Privatim
850 1665 890 1698 11.
933 1666 1060 1697 Haririi
1089 1666 1229 1697 Dur-ram
1256 1665 1529 1707 interpretabitur
1560 1664 1591 1697 d.
1616 1665 1711 1697 Mart.
1735 1671 1769 1697 et
1789 1666 1861 1698 Iov.

103 1717 134 1749 h.
158 1716 217 1750 IV.
251 1717 307 1750 III.
340 1718 482 1758 Linquae
502 1717 696 1757 Assyriacae
719 1720 748 1748 et
768 1718 946 1758 scripturae
969 1719 1118 1748 cuneatae
1141 1717 1289 1748 elementa
1311 1716 1423 1748 tradet
1445 1715 1477 1748 d.
1500 1715 1597 1748 Mart.
1621 1720 1654 1748 et
1675 1716 1746 1749 Iov.
1770 1715 1803 1749 b.
1819 1715 1861 1748 V.

103 1767 161 1801 IV.
207 1768 357 1801 Carmina
379 1768 555 1810 Muallaqat
576 1769 661 1800 dicta
683 1767 957 1810 interpretabitur
980 1767 1010 1798 d.
1037 1767 1140 1799 Merc.
1163 1772 1205 1799 et.
1222 1766 1304 1800 Ven.
1328 1767 1359 1799 b.
1375 1767 1433 1799 IV.

254 1826 511 1860 WALTERUS
534 1827 595 1859 DE
619 1826 784 1869 FUNKE,
813 1827 871 1860 Dr.
893 1826 930 1859 P.
952 1826 989 1860 P.
1012 1826 1052 1859 O.
1097 1826 1267 1858 Publice
1296 1827 1321 1859 1.
1357 1827 1523 1859 Theoi-iam
1550 1828 1599 1859 rei
1623 1828 1762 1859 rusticae
1788 1828 1862 1859 inde

104 1880 142 1913 ab
164 1879 323 1913 Aibrechti
347 1880 448 1912 Thaer
475 1882 575 1912 aetate
597 1879 745 1911 historice
772 1878 954 1921 explicabit
981 1877 1012 1910 d.
1038 1877 1134 1911 Mart.
1156 1877 1189 1910 h.
1212 1877 1271 1910 XI.
1316 1878 1356 1910 11.
1399 1878 1616 1910 Excursiones
1645 1880 1861 1910 oeconomicus

103 1933 138 1963 in
159 1932 298 1973 praedia
324 1932 446 1963 mastica
475 1934 504 1962 et
525 1931 808 1963 demonstrationes
832 1931 993 1971 practicus
1022 1929 1174 1961 instituet
1201 1929 1320 1960 diebu·
1351 1933 1385 1960 et
1406 1928 1500 1960 horis
1523 1928 1730 1960 definiendis.
1773 1930 1860 1961 Pri-

102 1982 225 2015 vatim
240 1981 303 2015 111.
333 1983 520 2014 Doctrinam
542 1982 580 2014 de
602 1982 831 2023 computatione
854 1985 882 2013 et
896 1982 1056 2014 taxatione
1077 1982 1112 2013 in
1126 1981 1220 2013 rebus
1235 1981 1363 2012 masticis
1379 1981 1556 2013 adhibenda
1572 1982 1729 2013 adiiiuctis
1744 1981 1862 2013 everci-

104 2034 275 2067 tationibas
298 2033 435 2066 docebit
456 2032 489 2066 d.
511 2033 582 2068 Iov.
598 2032 680 2065 Ven.
705 2032 774 2064 Sat.
798 2032 831 2066 h.
844 2032 933 2064 VIII.
978 2032 1035 2065 IV.
1080 2033 1290 2074 Disciplinam
1322 2033 1370 2064 rei
1401 2031 1533 2064 bovinae
1565 2031 1676 2064 tradet
1708 2031 1741 2064 d.
1764 2031 1862 2064 Mart.

103 2085 136 2117 h.
154 2084 235 2118 VIII
257 2088 290 2117 et
313 2084 344 2116 d.
367 2084 470 2118 Mero.
493 2083 526 2117 h.
544 2083 624 2117 VIII
647 2087 681 2116 et
703 2083 764 2116 XI.

253 2143 448 2177 IACOBUS
483 2143 619 2180 CARO.
652 2143 710 2175 Dr.
744 2143 780 2175 P.
815 2143 850 2176 P.
881 2143 922 2176 Ο.
976 2143 1264 2176 Privatissime
1297 2142 1344 2174 ed
1378 2144 1505 2185 gratis
1532 2143 1556 2175 1.
1612 2143 1862 2176 Exercitationes

103 2197 271 2231 historicas
294 2195 461 2229 moderari
482 2198 601 2238 perget
622 2194 725 2226 semel
740 2205 800 2236 per
814 2194 915 2229 hebd.
931 2195 1018 2227 binis
1034 2194 1137 2227 horis.
1170 2194 1365 2227 Privatim
1387 2195 1427 2227 11.
1459 2194 1672 2229 Universalem
1686 2194 1860 2228 litter-anem

103 2248 325 2282 historicam
347 2250 545 2289 conspectam
561 2245 654 2278 dabit
666 2245 698 2278 d.
711 2245 813 2279 Merc.
826 2245 859 2279 h.
871 2245 915 2279 X.
951 2245 1008 2279 111.
1041 2246 1217 2279 Historiam
1239 2246 1329 2287 regni
1343 2245 1512 2278 Bomssici
1533 2244 1701 2281 enarrabit
1723 2244 1755 2281 d.
1777 2244 1861 2277 Lun.

104 2298 201 2331 Mart.
223 2299 294 2331 Iov.
317 2298 350 2331 h.
374 2297 417 2331 X.

257 2357 469 2393 OEAEMENS
490 2356 762 2394 BAEUMKER,
790 2357 849 2390 Dr.
877 2356 914 2390 P.
941 2358 978 2390 P.
1008 2357 1047 2390 O.
1091 2357 1263 2389 Publice
1289 2356 1315 2390 1.
1359 2357 1537 2390 Aristotelis
1564 2357 1603 2389 de
1631 2357 1737 2389 anima
1764 2356 1861 2388 libros

104 2409 356 2451 interpretandos
373 2413 540 2452 proponet
555 2409 607 2441 bis
623 2419 683 2451 per
698 2408 799 2442 hebd.
836 2408 1033 2443 Privatim
1054 2409 1095 2443 11.
1127 2408 1366 2449 Psychoioyiam
1381 2407 1563 2449 empiricam
1578 2407 1714 2440 docebit
1729 2406 1763 2440 d.
1777 2406 1861 2440 Lim.

105 2460 203 2505 Mart.
223 2460 297 2502 Iov.
311 2460 395 2505 Ven.
418 2460 451 2493 h.
474 2460 530 2495 111.
574 2459 632 2494 111.
675 2461 838 2504 Historiae
861 2460 1079 2503 philosophiae
1100 2463 1226 2502 partem
1250 2460 1393 2500 priorem
1422 2458 1578 2501 naetabit
1603 2457 1637 2490 d.
1659 2457 1742 2491 Lun.
1765 2458 1862 2490 Mart.

105 2511 176 2551 IQV.
189 2511 274 2545 Van.
296 2511 330 2551 h.
352 2511 413 2550 IV.
