2138 2748
285 266 324 298 32

892 413 1053 458 ORDO
1084 415 1444 459 MEDIGORUM.

437 570 652 603 AEMILIUS
686 570 893 608 PONFICK,
928 571 986 604 Dr.
1020 571 1055 604 P.
1090 571 1125 604 P.
1161 571 1201 604 Ο.
1235 571 1268 603 h.
1297 575 1319 604 t.
1355 570 1437 602 Dec.
1483 570 1650 602 Publice
1673 571 1698 603 I.
1737 572 1992 604 Exercitationes
2021 574 2056 604 in

283 626 421 656 instituto
446 624 645 666 patholoyico
674 622 911 654 moderabitur.
966 623 1165 654 Privatim
1196 623 1235 654 ΙΙ.
1285 623 1488 654 Anatomiam
1516 626 1544 654 et
1568 623 1801 664 physiologiam
1823 624 2057 665 patholoyicam

283 677 462 716 yeneralem
487 675 598 707 tradet
622 674 774 718 quotidie
800 678 943 717 excepto
975 674 1006 707 ‹].
1037 674 1106 706 Sat.
1135 674 1168 707 h.
1197 675 1255 707 III.
1300 674 1356 705 111.
1404 674 1540 706 Cursum
1568 675 1847 707 demonstrativum
1877 676 2056 708 anatomiae

284 732 312 760 et
334 728 518 768 histoloyiae
535 728 755 769 patholoyicae
778 726 917 757 habebit
940 725 971 758 d.
996 726 1093 758 Mart.
1118 730 1151 758 et
1174 726 1243 758 Iov.
1267 725 1300 758 h.
1323 725 1502 767 XII-17„
1538 725 1569 758 d.
1594 725 1663 757 Sat.
1687 725 1719 758 h.
1742 727 1801 757 IX.
1826 730 1859 757 et
1881 725 1923 759 X.

434 786 711 820 RUDOLPHUS
741 786 917 818 PETRUS
941 785 1173 818 HENRICUS
1203 786 1512 822 HEIDENHAIN,
1544 786 1601 818 Dr.
1626 785 1661 816 P.
1684 785 1720 816 P.
1745 785 1785 817 O.
1831 785 2005 818 Publice
2028 787 2055 819 I.

283 841 591 880 Haemodynamicen
615 838 726 870 tradet
749 838 781 871 d.
806 839 875 871 Sat.
902 838 932 869 h.
957 837 1031 870 Xll.
1076 837 1273 869 Privatim
1301 838 1341 870 Il.
1381 838 1602 878 Physioloyiae
1618 841 1745 879 partem
1767 838 1898 869 alteram
1920 841 2057 879 (oryana

282 902 434 924 sensuum
457 895 484 923 et
498 892 685 931 functiones
708 891 897 930 veyetativas
920 890 1138 930 continentem)
1162 888 1300 920 docebit
1323 889 1354 920 d.
1378 889 1462 920 Lun.
1488 889 1585 920 Mart.
1610 888 1712 921 Mero.
1728 889 1800 921 Iov.
1817 888 1903 921 Ven.
1919 889 1952 922 h.
1970 889 2056 924 XII..

283 943 315 976 ‹].
341 944 410 975 Sat.
435 943 466 975 h.
490 942 549 974 IX.
594 941 886 973 Privatissime
908 941 966 973 ΙΙΙ.
1011 942 1267 972 Exercitationes
1282 942 1529 982 microscopicas
1545 944 1575 972 et
1590 941 1849 982 experimentales
1865 942 1899 972 in
1914 941 2056 973 instituto

280 995 494 1037 physioloyico
519 993 661 1036 dirigere
686 998 804 1036 perget
828 993 980 1035 quotidie
1004 992 1096 1023 horis
1121 992 1203 1024 satis
1226 992 1359 1023 lucidis.

434 1053 668 1086 ANTONIUS
698 1053 917 1090 BIERMER,
950 1053 1007 1086 Dr.
1035 1053 1070 1086 P.
1100 1052 1135 1085 P.
1171 1052 1211 1085 O.
1267 1053 1438 1084 Publice
1467 1054 1491 1086 Ι.
1540 1054 1588 1085 De
1625 1053 1744 1085 morbis
1778 1053 1884 1085 cordis
1913 1052 2057 1085 disseret

283 1107 313 1139 d.
348 1106 433 1138 Ven.
468 1106 500 1138 h.
535 1105 611 1137 XII.
647 1104 844 1136 Privatim
866 1106 907 1136 Π.
951 1105 1171 1145 Patholoyiam
1194 1108 1223 1136 et
1244 1105 1420 1146 therapium
1443 1105 1610 1146 specialem
1635 1104 1772 1136 docebit
1795 1104 1827 1136 d.
1850 1103 1934 1136 Lun.
1957 1104 2055 1136 Mart.

281 1158 386 1190 Mero.
410 1158 479 1190 Iov.
506 1157 537 1189 h.
561 1156 619 1188 IX.
665 1156 721 1188 ΙΙΙ.
747 1156 901 1188 Clinicum
917 1160 945 1188 et
954 1154 1170 1198 ¹policlinicum
1189 1156 1344 1188 medicum
1366 1155 1596 1187 moderabitur
1620 1155 1799 1198 quinquies
1815 1166 1876 1198 per
1898 1155 1999 1189 hebd.
2022 1155 2056 1189 h.

282 1210 478 1254 X¹s2-XII.

436 1259 724 1293 HERMANNUS
760 1259 968 1297 FISCHER,
1004 1259 1062 1292 Dr.
1096 1259 1132 1292 P.
1168 1260 1203 1293 P.
1240 1259 1280 1293 O.
1330 1259 1501 1292 Publice
1527 1260 1553 1291 1.
1599 1260 1772 1291 Doctrinae
1809 1260 1847 1292 de
1883 1259 2058 1291 tumoribus

282 1318 407 1356 partem
441 1313 611 1345 secundam
646 1311 756 1343 tradet
790 1311 891 1342 semel
925 1322 986 1353 per
1015 1311 1115 1343 hebd.
1152 1311 1186 1344 h.
1216 1311 1281 1344 def.
1336 1311 1530 1343 Privatim
1560 1310 1601 1343 ΙΙ.
1648 1310 1848 1351 Chiruryiam
1879 1311 2057 1352 yeneralem

283 1365 420 1397 docebit
444 1364 624 1408 quinquies
649 1374 708 1406 per
729 1363 831 1396 hebd.
854 1363 888 1394 h.
911 1364 1000 1396 VIII.
1043 1364 1101 1395 III.
1149 1364 1302 1396 Clinicum
1325 1368 1354 1396 et
1371 1364 1587 1405 policlinicum
1602 1362 1814 1403 chiruryicum
1830 1361 2058 1394 moderabitur

282 1417 461 1460 quinquies
485 1427 546 1458 per
573 1415 675 1448 hebd.
698 1415 732 1448 h.
755 1414 932 1458 IX—X¹s2·

432 1475 694 1508 RICHARDUS
719 1474 976 1512 FOERSTER,
1011 1475 1068 1506 Dr.
1091 1475 1126 1507 P.
1150 1475 1186 1506 P.
1211 1475 1252 1508 O.
1297 1475 1467 1507 Publice
1495 1474 1521 1506 Ι.
1567 1475 1616 1506 De
1648 1475 1777 1515 morbis,
1812 1475 1867 1516 qui
1898 1475 1942 1507 ad
1974 1475 2058 1507 oculi

284 1531 507 1570 refractionem
531 1532 560 1560 et
582 1528 902 1560 accommodationem
924 1531 1077 1567 spectant,
1107 1527 1251 1558 disseret
1278 1527 1310 1560 d.
1340 1527 1410 1559 Sat.
1435 1527 1467 1559 h.
1502 1526 1545 1559 V.
1595 1525 1790 1558 Privatim
1820 1526 1861 1558 11.
1907 1526 2056 1568 ophthal-

282 1583 450 1623 moloyiam
473 1580 584 1612 tradet
607 1579 639 1612 d.
663 1579 762 1611 Mart.
786 1579 856 1611 Iov.
883 1578 966 1611 Ven.
989 1579 1022 1611 h.
1047 1578 1122 1612 ΧΠ.
1167 1579 1224 1611 111.
1251 1580 1404 1611 Clinicum
1437 1583 1466 1611 et
1494 1580 1711 1621 policlinicum
1744 1578 2058 1619 ophthalmoloyicmn

282 1633 513 1665 moderabitur
535 1631 567 1664 d.
592 1631 674 1663 Lun.
698 1631 801 1663 Merc.
832 1630 901 1663 Sat.
935 1630 968 1663 h.
1003 1630 1180 1673 XII—174.

438 1691 646 1725 CAROLUS
669 1691 833 1731 HASSE,
868 1691 927 1724 Dr.
950 1690 986 1723 P.
1011 1690 1046 1724 P.
1071 1690 1111 1722 Ο.
1170 1690 1341 1722 Publice
1371 1691 1394 1724 I.
1442 1691 1694 1733 Morplzoloyiam
1727 1690 1833 1722 sceleti
1865 1690 1973 1722 tradet
2005 1689 2058 1721 bis

282 1756 343 1788 per
365 1744 467 1777 hebd.
492 1744 524 1777 h.
547 1744 606 1776 III.
650 1743 846 1775 Privatim
881 1743 920 1775 II.
970 1743 1207 1784 Morpholoyiae
1235 1743 1371 1776 hominis
1401 1746 1528 1784 partem
1557 1744 1697 1784 primam
1724 1740 2059 1783 tractabit-quotidie

281 1797 315 1830 h.
338 1797 397 1828 XI.
431 1796 488 1828 llI.
511 1796 714 1827 Anatomiam
729 1795 987 1837 topoyrapbicam
1004 1794 1142 1826 docebit
1158 1794 1338 1837 quinquies
1361 1805 1422 1836 per
1436 1793 1538 1826 hebd.
1555 1793 1587 1826 h.
1610 1793 1650 1825 V.
1684 1792 1974 1825 Privatissime
1998 1792 2058 1824 lv.

282 1849 535 1881 Exercitationes
559 1848 755 1879 anatomicas
779 1847 933 1878 instituet
957 1846 1108 1888 quotidie
1131 1846 1165 1878 h.
1191 1845 1380 1878 VIII—XII
1403 1850 1437 1878 et
1457 1845 1575 1879 II—V.

437 1906 670 1939 HENRICUS
693 1906 898 1942 FRITSCH,
934 1906 991 1939 Dr.
1021 1906 1056 1939 P.
1086 1906 1121 1939 P.
1146 1906 1187 1939 O.
1232 1906 1404 1937 Publice
1431 1906 1456 1938 Ι.
1512 1907 1622 1939 Artem
1655 1905 1867 1937 obstetriciam
1892 1905 2060 1944 sorensem

283 1960 421 1992 docebit
451 1960 481 1992 d.
506 1959 590 1992 Lun.
614 1959 647 1991 h.
675 1958 734 1990 IV.
778 1958 977 1989 Privatim
1000 1958 1040 1990 II.
1094 1959 1262 1990 Theoriam
1289 1959 1370 1990 artis
1400 1958 1599 1990 obstetriciae
1628 1957 1812 1999 explicabit
1841 1956 1872 1989 d.
1902 1956 2001 1989 Mart.
2025 1960 2059 1988 et

282 2013 386 2045 Mero.
410 2012 443 2044 h.
466 2011 525 2044 IV.
569 2011 627 2043 III.
673 2010 828 2042 Clinicum
851 2014 879 2042 et
898 2010 1114 2052 policlinicum
1135 2010 1348 2042 obstetricium
1363 2013 1392 2041 et
1406 2010 1682 2050 gynaecoloyicwm
1702 2009 1855 2040 instituet
1877 2007 2058 2050 quinquies

282 2075 343 2107 per
370 2063 473 2096 hebd.
495 2063 530 2094 h.
552 2063 609 2095 III.

438 2122 699 2155 GUILELMUS
723 2122 932 2163 FILEHNE⁷
956 2122 1014 2154 Dr.
1037 2121 1071 2154 P.
1093 2121 1128 2153 P.
1155 2121 1195 2154 O.
1232 2121 1406 2152 Publice
1428 2122 1453 2154 I.
1498 2122 1547 2153 De
1569 2120 1848 2153 intoccicationibus
1871 2120 2058 2162 quibusdam

285 2177 450 2208 disserere
484 2179 603 2218 perget
636 2174 668 2207 d.
699 2174 783 2207 Ven.
812 2174 844 2207 h.
876 2174 903 2204 V
935 2177 1006 2214 (aut
1035 2174 1118 2213 VI.).
1162 2173 1359 2205 Privatim
1383 2174 1423 2205 II.
1469 2173 1766 2213 Pbarmacoloyiam
1796 2171 1934 2203 docebit
1961 2171 2057 2214 quin·
2086 2162 2090 2169 '

285 2228 381 2271 quies
405 2238 465 2269 per
488 2226 589 2258 hebd.
613 2226 646 2258 h.
674 2226 704 2258 Il
728 2231 801 2265 (aut
831 2225 900 2265 V.).
944 2226 1000 2257 ΙΙΙ.
1051 2226 1100 2257 De
1123 2226 1421 2257 medicamentorum
1449 2225 1649 2256 ordinatione
1677 2227 1754 2266 aget
1781 2223 2058 2256 exercitationibus

285 2280 444 2312 adiuncti-s·
469 2279 500 2311 d.
523 2279 608 2310 Lun.
633 2283 666 2309 et
687 2278 791 2309 Mero.
814 2277 848 2310 h.
873 2277 902 2308 V
927 2279 998 2318 (aut
1022 2276 1094 2316 VI.)
1124 2287 1232 2319 usque
1260 2276 1301 2307 ad
1326 2276 1424 2307 finem
1446 2275 1547 2307 huius
1571 2276 1665 2318 anni,
1700 2275 1760 2307 sed
1784 2285 1871 2306 anno
1895 2279 2058 2317 sequente

285 2332 316 2364 d.
339 2335 468 2363 tantum
490 2331 594 2362 Merc.
619 2329 734 2361 eadem
757 2329 852 2362 hora.

438 2389 645 2423 CAROLUS
668 2389 914 2422 IMMANUEL
936 2389 1157 2427 KLOPSCH,
1178 2389 1235 2422 Dr.
1247 2388 1283 2421 P.
1299 2388 1335 2421 P.
1351 2388 1391 2420 E.
1430 2386 1603 2418 Publice
1626 2387 1651 2419 Ι.
1702 2388 1751 2419 De
1773 2390 1842 2419 arte
1861 2387 2058 2428 yymnastica

284 2444 405 2475 medica
435 2442 578 2473 disseret
607 2442 708 2473 semel
740 2453 801 2483 per
828 2441 928 2473 hebd.
956 2441 988 2473 h.
1017 2440 1083 2474 def.
1133 2441 1330 2472 Privatim
1359 2439 1399 2471 II.
1452 2440 1501 2470 De
1522 2438 1641 2471 morbis
1665 2441 1840 2480 apparatus
1863 2437 2059 2470 locomotorii

285 2499 362 2537 aget
384 2494 435 2525 bis
459 2504 518 2536 per
541 2493 642 2526 hebd.
666 2493 698 2526 h.
723 2493 789 2524 def.
