2138 2748
163 982 190 1007 p.
212 974 261 999 112

212 1068 261 1099 §7

215 1769 266 1799 §8

173 2326 200 2352 p.
222 2319 270 2345 113

281 269 321 301 22
896 265 988 292 LVD.
1009 264 1231 292 CARRIONIS
1250 264 1387 291 NOTAE
1404 264 1454 291 IN

276 357 347 395 pirii
370 359 419 384 etc.
454 357 486 384 vt
507 354 650 384 videlicet
673 354 763 392 dicat,
787 354 935 383 accidisse
964 356 996 383 vt
1025 363 1074 383 res
1103 354 1198 383 maior
1225 353 1256 382 in
1285 353 1503 382 deliberatione
1525 355 1705 391 versaretur,
1734 361 1832 390 eaque
1859 353 1890 382 in
1906 353 1985 382 diem
2006 362 2061 392 po·

281 402 392 429 sterum
408 397 565 428 sententiis
582 399 754 426 senatorum
777 397 877 426 dubiis
899 396 1094 435 proferretur,
1118 396 1144 425 ἀ
1166 396 1283 426 senatui
1305 396 1458 433 placuisse
1480 404 1518 425 ne
1540 396 1608 433 quis
1632 396 1750 425 efferret
1770 396 1853 425 curia
1875 396 1949 433 quid
1964 398 2061 426 actum

281 443 364 471 esset
384 441 561 479 priusquam
584 442 708 469 senatus
730 439 846 477 aliquid
880 439 918 468 de
942 448 978 468 ea
998 448 1031 469 re
1055 440 1239 469 censuisset:
1273 441 1335 467 tum
1369 447 1441 467 vero
1470 440 1594 468 matrem
1616 438 1730 476 Papirii
1753 440 1810 469 etc.
1835 439 1993 468 commoda
2014 441 2062 469 est

279 484 355 513 haec
378 483 537 521 sententia,
561 483 656 512 oratio
679 491 741 512 non
763 483 844 511 item.
884 482 1036 520 quomodo
1061 483 1138 512 enim
1168 482 1227 511 illis
1256 482 1334 510 inter
1362 490 1395 510 se
1427 481 1578 519 conuenit,
1601 491 1663 510 cum
1684 481 1798 519 prolata
1820 484 1869 518 eat,
1889 481 2060 520 placuitque,

279 536 366 565 super
388 536 444 565 qua
467 535 498 555 re
520 526 726 563 tractauissent,
749 528 839 554 mater
861 524 975 563 Papirii
993 525 1214 563 percunctatur?
1235 524 1396 553 videbatur
1422 524 1524 561 potius
1547 524 1680 553 dicturus
1709 523 1820 553 fuisse:
1846 524 1962 562 prolata
1991 527 2062 553 esset

276 570 493 608 placuissetque,
531 578 619 607 super
652 578 708 606 qua
741 577 772 596 re
800 570 1009 603 tractauerant3
1042 571 1091 596 etc.
1129 568 1233 604 itaque
1266 575 1327 596 non
1361 567 1502 604 displicet
1536 567 1763 604 antiquissimae
1791 566 1933 596 editionis
1961 567 2061 596 lectio.

283 612 360 641 Tunc
383 611 494 650 quidem
516 611 546 640 iu
567 613 666 640 senatu
693 619 739 639 rea
761 611 855 640 maior
878 611 1029 648 quaepiam
1053 611 1218 647 consultata,
1242 619 1330 648 eaque
1352 610 1382 638 in
1397 609 1470 638 diem
1488 612 1633 648 posterum
1646 609 1762 647 prolata
1779 612 1834 638 est:
1852 609 2014 648 placuitque
2035 612 2063 638 vt

280 665 343 683 eam
364 664 424 683 rem
446 663 532 692 super
555 663 612 692 qua
634 653 830 683 tractauissent
852 663 886 682 ne
909 654 971 691 quis
994 654 1157 682 enunciaret
1178 653 1346 691 priusquam
1370 652 1482 681 decreta
1504 655 1584 681 esset.
1622 651 1716 681 Mater
1731 651 1845 690 Papirii
1869 654 1918 681 etc.
1952 652 2062 690 quibus

280 698 311 727 in
332 698 433 727 verbis
455 697 531 726 nihil
554 698 601 726 est
622 696 756 735 absurdi,
779 696 854 725 nihil
877 696 994 725 absoni.

432 741 461 768 iu
482 738 603 778 senatu]
647 739 839 768 membranae
861 739 990 768 Puteani
1013 737 1039 766 &
1061 738 1132 766 item
1155 738 1286 775 alterae3
1308 738 1338 766 in
1359 741 1495 766 senatum.
1534 737 1617 774 quod
1640 737 1780 766 fortassis
1808 737 1890 774 apud
1918 736 2063 767 Catonem

281 782 382 813 fuerit.
428 782 588 812 Sallustius
610 782 642 811 in
665 781 795 811 Catilina
818 781 854 819 [c.
881 781 917 810 19
942 781 961 819 ξ
986 781 1030 818 3];
1054 780 1123 809 Piso
1146 781 1175 808 in
1194 781 1375 818 prouinciam
1398 780 1434 809 ab
1458 780 1594 818 equitibus
1617 779 1766 818 Hispanis,
1795 788 1865 817 quos
1887 780 1917 808 iu
1939 781 2063 810 exercitu

281 825 421 861 ductabat,
444 826 496 854 iter
510 825 627 863 sacieris
649 825 759 854 occisus
782 827 830 853 est.
868 823 919 852 sed
941 823 975 852 de
997 832 1030 852 eo
1052 824 1110 852 iam
1133 822 1266 851 dioeimus.

433 877 481 914 qui
503 885 566 904 cum
584 878 704 913 parente
726 875 798 912 sua]
843 875 923 904 inter
954 874 1031 904 haec
1062 874 1156 903 verba
1188 874 1219 902 in
1253 874 1356 903 alteris
1390 874 1572 903 membranis
1605 873 1733 902 Puteani
1762 873 1863 902 media
1892 874 1939 903 est
1959 873 2064 910 litura3

281 920 368 958 quasi
390 919 484 948 verba
507 918 668 956 quaepiam
691 917 910 947 desiderentur.
946 917 1001 947 sed
1023 917 1105 952 illins
1128 916 1267 946 defectus
1290 917 1404 945 nullum
1429 916 1497 945 aliis
1520 917 1550 945 in
1573 916 1660 946 libris
1684 918 1731 945 est
1752 916 1907 946 indicium.

433 970 532 998 Patres
554 969 693 1008 egissent]
739 969 821 1007 apud
843 969 1028 998 Macrobium
1063 969 1092 1006 [l.
1115 968 1135 997 l.
1159 968 1179 1006 ξ
1203 968 1253 1006 20]
1278 970 1340 1005 est3
1373 968 1492 1006 egissent
1511 971 1621 1006 patres.
1655 968 1687 996 in
1716 966 1719 1007 1
1752 967 1946 997 collectaneis
1975 967 2064 996 etiam

281 1015 342 1052 est3
363 1015 572 1051 percunctatur,
595 1021 667 1051 non,
686 1014 872 1050 percunctata
894 1015 943 1042 est.

432 1066 455 1092 et
477 1063 635 1101 silentium]
680 1063 782 1092 variae
806 1071 922 1100 eaeque
946 1063 1084 1092 diuersae
1108 1062 1273 1111 scripturae
1296 1061 1486 1091 membranas
1510 1061 1535 1090 ἆ
1558 1061 1707 1091 editiones
1734 1063 1931 1111 occuparunt.
1973 1061 2064 1099 vulgo

281 1107 436 1144 scribitur3
471 1105 575 1135 Mulier
587 1106 626 1143 fit
649 1106 784 1135 audiendi
807 1105 937 1144 cupidior
970 1109 1106 1134 secretum
1128 1106 1179 1142 rei,
1214 1109 1238 1133 et
1271 1106 1409 1134 silentium
1438 1106 1524 1154 pueri
1563 1106 1687 1133 animum
1714 1105 1774 1133 eius
1803 1103 1843 1133 ad
1869 1103 2065 1142 inquirendum

280 1149 436 1179 euerberat.
475 1149 563 1186 quasi
593 1149 673 1178 dieat
699 1151 824 1178 matrem
851 1149 953 1186 Papiri
982 1148 1116 1178 voluisse
1146 1148 1250 1177 audire
1280 1150 1428 1177 secretum
1457 1148 1510 1178 rei.
1549 1148 1593 1177 sic
1625 1148 1704 1177 enim
1739 1147 1830 1185 vulgo
1860 1146 2062 1196 distinguitur.

282 1202 348 1222 cum
372 1201 431 1230 quo
456 1191 529 1221 facit
551 1192 762 1229 antiquissima
785 1191 888 1221 editio.
919 1194 950 1220 at
971 1192 1002 1220 in
1025 1192 1119 1220 altera
1142 1193 1203 1228 est,
1227 1194 1362 1220 secretum
1383 1191 1434 1228 rei,
1469 1195 1494 1219 et
1515 1190 1653 1219 silentium
1671 1191 1765 1228 pueri,
1801 1190 1979 1228 animumque
2005 1189 2066 1218 eius

281 1235 322 1264 ad
342 1235 538 1274 inquirendum
561 1234 716 1263 euerberat.
752 1235 800 1264 cui
814 1236 960 1271 vtraeque
976 1234 1167 1263 membranae
1182 1234 1309 1262 Puteani
1332 1233 1563 1283 adstipulantur.
1599 1235 1629 1262 at
1656 1233 1687 1262 in
1710 1232 1863 1262 Macrobio
1888 1233 1918 1270 [l.
1941 1232 1983 1271 l.],
2013 1232 2067 1261 vbi

283 1278 388 1308 eadem
410 1278 568 1315 leguntur,
601 1280 736 1306 secretum
770 1278 813 1306 rei
845 1281 871 1306 et
903 1277 1041 1306 silentium
1067 1277 1152 1314 pueri
1174 1277 1299 1305 animum
1322 1278 1380 1305 eius
1404 1276 1444 1305 ad
1465 1276 1660 1314 inquirendum
1683 1275 1839 1304 euerberat.
1873 1284 1975 1313 neque
1996 1275 2065 1304 libri

282 1321 427 1350 Macrobii
449 1320 646 1358 manuscripti
668 1322 793 1350 mutant.
828 1319 854 1349 &
886 1320 963 1349 haec
998 1322 1044 1349 est
1076 1328 1149 1348 vera
1181 1319 1272 1349 lectio
1303 1322 1354 1348 aut
1382 1321 1462 1348 certe
1491 1327 1582 1348 verae
1610 1318 1758 1356 proxima.
1800 1327 1869 1347 nam
1892 1317 1971 1347 &in
1992 1318 2066 1348 Bus-

282 1364 394 1393 lidiano
420 1363 445 1392 ἀ
466 1364 498 1392 in
522 1363 717 1393 collectaneis
739 1363 831 1400 paulo
855 1363 944 1392 aliter
965 1366 1100 1391 secretum
1122 1362 1164 1390 rei
1187 1366 1212 1390 ct
1233 1362 1372 1392 silentium
1395 1361 1490 1391 deberi
1510 1371 1583 1400 puer
1606 1362 1758 1399 affirmans
1787 1361 1912 1390 animum
1939 1362 2000 1390 eius
2027 1360 2068 1390 ad

282 1406 479 1445 inquirendum
501 1405 656 1435 euerberat.
695 1406 779 1443 quod
800 1407 833 1434 vt
856 1406 1024 1443 elegantius
1047 1405 1195 1443 expressi.

435 1458 573 1486 silentium
602 1456 717 1495 deberi]
762 1457 837 1486 nihil
869 1459 973 1494 potest
1005 1456 1100 1494 magis
1134 1456 1266 1494 proprie.
1311 1456 1513 1494 promiserant
1546 1455 1665 1485 senatui
1699 1464 1732 1484 se
1765 1464 1826 1484 non
1861 1455 2068 1484 enuntiat-uros

282 1501 367 1539 prius
391 1509 480 1538 quam
502 1509 552 1529 res
576 1501 659 1529 esset
681 1500 812 1529 decreta.
851 1509 888 1528 ex
918 1509 978 1537 qua
1004 1499 1234 1537 pollicitatione,
1269 1499 1381 1528 silentii
1410 1499 1564 1528 debitores
1593 1500 1677 1527 erant
1705 1498 1834 1537 senatui,
1868 1497 1894 1527 ἀ
1928 1498 1958 1527 ei
1984 1500 2068 1527 tene-

282 1545 400 1573 bantur.
439 1543 571 1572 debendi
594 1543 672 1572 enim
694 1543 819 1572 verbum
849 1543 939 1571 etiam
967 1543 998 1571 in
1026 1542 1090 1571 iure
1120 1542 1200 1571 civili
1229 1542 1370 1579 generale
1394 1543 1450 1571 est.
1483 1541 1519 1570 L.
1543 1540 1733 1572 CLXXVIII.
1765 1540 1794 1579 [ξ
1820 1537 1849 1582 3]
1882 1540 1920 1570 de
1942 1541 2063 1571 verbor.

283 1586 391 1624 signifi.
417 1586 463 1624 [D.
487 1586 512 1615 L
540 1585 598 1623 16].
632 1585 667 1615 L.
691 1586 789 1614 XIIII.
814 1585 852 1614 de
874 1586 959 1623 petit.
990 1585 1117 1614 heredit.
1157 1585 1204 1622 [D.
1229 1584 1254 1613 V
1278 1585 1316 1622 3].
1361 1585 1468 1622 Itaque
1495 1593 1594 1613 rerum
1621 1583 1809 1622 publicarum
1837 1583 1990 1613 debitores
2014 1591 2068 1613 eos

284 1630 401 1659 demum
425 1629 600 1666 accipimus,
625 1628 676 1666 qui
700 1637 737 1657 ex
759 1628 1019 1657 administratione
1042 1628 1239 1666 reliquantur,
1262 1628 1311 1657 vel
1340 1628 1392 1665 qui
1421 1636 1458 1656 ex
1486 1627 1706 1665 pollicitatione
1740 1635 1818 1664 quae
1846 1626 1981 1656 recusari
2006 1635 2067 1656 non

282 1674 385 1710 potest
408 1672 544 1701 obstricti
567 1673 645 1701 sunt.
691 1671 726 1700 L.
757 1672 785 1701 6.
815 1671 845 1709 ξ.
875 1671 901 1700 si
930 1680 967 1700 ex
994 1671 1153 1709 pollicitat.
1191 1670 1229 1699 de
1257 1671 1403 1700 munerib.
1434 1670 1459 1700 ἀ
1487 1670 1594 1700 honor.
1641 1670 1688 1707 [D.
1711 1669 1737 1698 L
1760 1671 1790 1708 4,
1814 1670 1844 1708 6,
1870 1670 1907 1708 1.]
1952 1669 2008 1699 sed
2029 1669 2067 1698 de

283 1716 335 1744 illo
359 1715 452 1744 verbo
476 1714 549 1743 alibi
572 1714 644 1743 dixi.

436 1765 540 1804 Lepidi
562 1769 645 1804 atque
659 1765 783 1803 festiui]
828 1774 889 1794 non
912 1765 1052 1803 displicet
1076 1764 1159 1802 quod
1181 1765 1212 1794 in
1235 1764 1411 1794 melioribus
1433 1764 1563 1793 Puteani
1577 1764 1758 1793 membranis
1774 1765 1907 1801 itemque
1928 1763 2068 1792 collecta-

283 1810 350 1839 neis
372 1809 506 1838 iuuenis:
541 1808 644 1846 Lepidi
666 1811 749 1846 atque
764 1808 882 1846 festini.-
914 1810 948 1837 vt
962 1808 1102 1845 festinum
1126 1808 1165 1837 sit
1187 1807 1334 1837 consilium
1363 1807 1446 1845 quod
1474 1806 1653 1836 festinanter
1681 1806 1706 1835 ἀ
1735 1809 1908 1844 extempore
1942 1806 2068 1844 capitur,

286 1852 442 1891 qnodque,
464 1853 497 1880 vt
518 1851 570 1880 ille
594 1851 724 1889 dicebat,
760 1851 921 1880 etiamnum
956 1851 1085 1880 calidum
1119 1853 1175 1881 est.
1213 1851 1272 1879 iam
1306 1851 1416 1889 lepidus
1439 1849 1465 1879 ἀ
1484 1851 1608 1888 festiuus
1631 1850 1661 1879 in
1684 1849 1793 1879 iisdem
1814 1849 1906 1878 rebus
1928 1848 2068 1878 videntur

283 1897 426 1976 [vleteregl
439 1894 593 1966 9⁰⁵2?ss
605 1936 612 1974 ]
651 1894 777 1923 Plautus
815 1894 894 1922 enim
931 1894 1030 1923 locum
1066 1893 1156 1923 modo
1194 1893 1327 1931 lepidum
1371 1894 1446 1923 alias
1490 1893 1631 1922 festiuum
1669 1893 1750 1922 dicit.
1798 1894 1830 1921 vt
1866 1891 2068 1922 Bacchidibus

336 1940 363 1976 l,
449 1947 479 1967 v.
596 1958 602 1965 .
622 1946 628 1965 :

491 1987 546 2018 Vbi
568 1987 636 2017 bene
658 1988 693 2016 sit
714 1987 764 2016 tibi
785 1987 876 2016 locum
899 1986 1022 2026 lepidum
1045 1986 1130 2017 dabo.

287 2039 312 2069 ἀ
334 2040 473 2069 Rudente
496 2039 521 2078 [Ι
543 2041 573 2078 4,
599 2040 636 2068 35
659 2048 689 2069 v.
713 2039 774 2068 255
798 2039 872 2077 Fl.]:

489 2090 580 2120 Haud
601 2091 682 2129 louge
705 2093 812 2129 oportet
834 2090 935 2119 abesse
956 2090 1082 2119 homines
1104 2089 1184 2118 hinc:
1207 2091 1246 2119 ita
1267 2090 1312 2119 hic
1335 2089 1466 2128 lepida-st
1488 2089 1575 2119 locus.

286 2142 370 2171 Idem
393 2142 431 2171 de
446 2142 572 2180 festiue,-
596 2142 628 2171 in
649 2142 744 2171 Milite
769 2141 808 2179 [11
834 2143 861 2179 1,
886 2142 903 2170 5
927 2150 955 2171 v.
980 2141 1019 2170 83
1043 2141 1106 2179 R.]:

491 2210 502 2215 -
524 2210 535 2215 -
558 2203 616 2232 qua
638 2193 784 2222 assedistis
807 2202 897 2222 causa
917 2193 948 2221 in
967 2192 1070 2226 festiue
1092 2193 1163 2222 loco.

288 2244 314 2273 ἃ
335 2244 504 2274 Pseudolo:
528 2245 565 2283 [V
591 2246 617 2281 1,
642 2245 671 2283 8,
693 2254 723 2274 v.
748 2244 841 2283 1253,
866 2253 912 2281 sq.
935 2244 982 2281 R.]
1009 2242 1012 2284 Ι

646 2312 657 2318 -
680 2313 691 2317 -
713 2297 753 2324 ita
775 2297 886 2334 magnis
908 2295 1057 2324 mundiciis

491 2346 579 2385 Diym'
601 2346 688 2376 habiti
710 2350 793 2386 atque
816 2347 877 2376 loco
892 2347 1001 2384 festiue
1015 2347 1122 2384 festiue
1145 2346 1252 2384 accepti
1274 2354 1380 2375 sumne.

290 2398 379 2427 aliam
400 2400 502 2428 tamen
526 2398 703 2436 scripturam
724 2407 786 2428 non
810 2398 929 2427 damno.

441 2458 531 2488 exque
553 2448 700 2487 republica
722 2449 803 2488 esse]
849 2450 893 2479 sic
916 2458 1020 2479 omnes
1043 2450 1234 2479 membranae
1263 2448 1430 2486 Gellianae,
1459 2449 1519 2477 nisi
1547 2448 1631 2486 quod
1657 2448 1689 2477 in
1717 2447 1783 2477 vnis
1810 2447 1938 2476 Puteani
1965 2445 2068 2518 deest.

289 2500 359 2521 csse.
392 2494 511 2522 veteres
533 2492 575 2521 ita
596 2493 799 2530 loquebantur
820 2494 853 2521 vt
875 2492 983 2530 aliquid
1005 2501 1040 2521 ex
1062 2492 1208 2531 republica
1231 2500 1291 2520 esse
1313 2491 1457 2521 dicerent.
1503 2491 1609 2521 Cicero
1633 2490 1672 2520 ad
1694 2490 1818 2519 Brutum
1841 2489 1865 2527 [1
1894 2487 2000 2528 5,1]:
