2138 2748
970 271 988 304 7

94 372 182 407 tibn‘s
211 383 264 406 me
287 373 420 415 quidem
443 372 551 406 iudice
574 383 643 406 non
667 374 805 406 omnino
830 378 918 407 recte
940 376 982 407 de
998 377 1168 409 codicibus
1184 376 1377 409 Horatianis
1403 377 1533 415 iudicat,
1557 380 1668 411 tamen
1688 378 1722 410 in
1738 380 1856 420 poetae

95 426 284 458 sei-monem
306 427 406 467 atque
429 432 566 458 sensum
588 427 657 458 tam
681 425 836 459 sollerter
857 437 894 459 se
918 426 1108 466 insinuavit,
1143 428 1223 469 quid
1256 428 1290 459 in
1319 428 1484 469 scriptura
1515 429 1639 461 tradita
1671 429 1857 462 offenderet

92 478 163 510 tam
189 477 288 518 plane
315 479 349 509 et
371 477 480 510 lucide
508 479 643 518 tamque
665 477 771 510 facete
794 487 833 510 ac
856 478 965 519 lepide
988 479 1151 519 exposuit,
1176 479 1210 511 in
1226 479 1300 520 ipsa
1322 479 1556 512 emendatione
1577 480 1857 522 palaeographiae

93 527 223 560 ratione
246 527 457 561 considerate
479 530 512 561 et
535 528 775 570 circumspecte
798 529 912 562 habita
934 532 1003 562 tam
1027 533 1159 563 cautum
1181 540 1221 563 ac
1244 531 1431 563 modestum
1447 541 1484 564 se
1499 532 1612 572 gessit,
1634 534 1681 570 ut,
1704 531 1856 573 quamvis

92 580 225 622 saepius
242 589 317 612 cum
332 590 415 612 sana
429 580 610 621 temptarit,
633 582 704 612 tum
719 581 928 613 coniecturas
946 581 1057 614 minus
1079 582 1271 623 probabiles
1293 581 1469 624 protulerit
1490 584 1590 624 atque
1613 583 1647 615 in
1662 584 1855 616 universum

91 631 344 664 emendationes
361 631 500 664 omnino
522 641 591 664 non
613 632 742 671 dubias,
764 634 802 664 ut
824 632 962 665 omnino
986 633 1174 666 rarissimae
1197 636 1285 673 sunt,
1308 634 1355 666 ita
1376 635 1410 665 et
1425 634 1497 675 ipse
1518 643 1703 675 perpaucas
1726 637 1855 667 tantum

90 683 326 724 meaverit,
352 685 466 716 tamen
481 685 522 715 et
543 683 624 716 olim
647 683 778 716 libellus
801 683 857 715 ille
880 684 951 716 eius
973 686 1070 725 aptus
1094 694 1170 717 esse
1192 685 1274 717 mihi
1298 685 1388 717 visus
1417 685 1462 717 sit
1483 687 1517 717 et
1539 685 1640 718 hodie
1661 688 1759 727 aptus
1783 695 1855 719 esse

89 733 250 774 videntur,
266 734 322 776 qui
336 734 442 774 vobis,
458 735 704 768 commilitones
727 753 753 758 -
774 744 853 767 nam
868 735 935 767 iam
950 745 1010 768 vos
1027 736 1118 777 ipsos
1134 736 1258 778 alloqui
1273 736 1362 769 iuvat
1376 754 1418 776 -,
1434 739 1603 778 tamquam
1619 737 1855 770 documentum

89 785 223 827 aliquod
244 785 327 818 artis
356 786 490 818 criticae
518 788 673 819 accurato
696 786 807 819 studio
830 789 942 819 vestro
965 787 1102 828 dignum
1125 788 1386 827 commendetur,
1411 788 1488 830 quia
1509 788 1678 821 luculento
1701 789 1854 830 exemplo

87 839 266 877 monstrat,
287 845 354 878 quo
377 844 480 870 sensu
506 840 539 870 et
562 848 627 879 qua
648 838 701 870 via
724 838 759 870 in
782 839 847 871 hoc
870 838 1104 880 quaestionum
1126 849 1247 880 genere
1269 838 1313 871 ad
1338 849 1453 872 verum
1478 839 1715 872 inveniendum
1737 849 1855 881 proce-

85 886 237 961 dandum
258 889 313 921 sit.

166 1001 169 1006 .
225 966 312 1003 Alia
335 968 462 1006 contra,
485 977 569 1008 quae
592 966 746 1000 licentius
770 967 805 999 in
827 967 929 1000 verba
951 967 1074 1001 tradita
1096 967 1142 1001 ita
1164 970 1368 1009 grassantur,
1396 969 1433 1000 ut
1456 977 1571 1000 revera
1594 978 1634 1000 ex
1657 978 1697 1000 ea
1720 968 1849 1000 ratione

89 1007 218 1056 veteres
242 1017 423 1060 scriptores
446 1018 577 1060 legendi
600 1020 674 1051 orta
696 1029 770 1051 esse
793 1018 977 1058 videantur,
1012 1030 1110 1061 quam
1134 1029 1234 1061 supra
1257 1019 1420 1061 descripsi
1443 1029 1483 1051 ac
1516 1021 1685 1060 tamquam
1718 1030 1738 1051 a
1762 1021 1852 1052 recta

87 1058 216 1128 litteras
239 1070 394 1112 antiquas
423 1069 590 1104 tractandi
617 1071 776 1103 methodo
806 1070 916 1102 aliena
942 1070 1135 1112 vituperavi
1164 1081 1243 1110 non,
1272 1070 1358 1103 sicut
1385 1069 1607 1103 Horkelianus
1638 1069 1692 1102 ille
1719 1068 1852 1103 libellus

88 1116 224 1170 eiusque
248 1121 374 1154 similes
397 1121 440 1155 ad
463 1121 585 1155 iustam
613 1122 649 1154 in
670 1124 770 1164 poeta
798 1121 1008 1154 emendando
1038 1123 1203 1155 rationem
1230 1121 1500 1163 cognoscendam
1526 1131 1547 1154 a
1574 1121 1669 1154 vobis
1698 1122 1853 1163 usurpari

85 1174 253 1223 poterunt,
265 1182 374 1215 neque
385 1183 469 1215 opus
482 1176 543 1213 est,
555 1176 624 1207 tam
636 1170 693 1206 diu
704 1183 743 1207 ac
755 1173 911 1207 strenue
904 1173 943 1206 iis
958 1173 1180 1207 immoremini
1199 1184 1298 1216 quam
1315 1173 1371 1213 illi,
1390 1183 1488 1215 quem
1503 1173 1637 1215 penitus
1650 1183 1853 1214 cognoscere

85 1218 182 1264 vobis
204 1234 274 1259 non
289 1224 406 1258 inutile
429 1225 501 1264 erit,
524 1235 603 1258 nam
618 1224 707 1258 foliis
724 1225 894 1258 nonnullis
911 1225 1120 1266 perlustratis
1143 1235 1184 1258 ex
1199 1225 1364 1266 unguibus
1387 1224 1503 1256 leones
1527 1224 1754 1266 cognoscetis:
1774 1223 1853 1257 huic

85 1275 211 1318 generi,
233 1275 455 1319 ut'Znonnulla
477 1278 608 1309 tantum
631 1276 785 1317 delibem,
808 1278 992 1310 adnumero
1015 1277 1049 1309 F.
1065 1276 1087 1309 I.
1109 1276 1318 1315 Schwerdtii,
1341 1276 1396 1318 qui
1419 1275 1625 1308 Lachmanni
1648 1286 1686 1308 ac
1708 1274 1850 1308 Bentleii

85 1323 226 1371 vestigia
237 1338 390 1370 premere
406 1327 506 1361 nimis
522 1328 680 1361 audacter
696 1328 760 1361 sibi
776 1329 915 1368 videtur,
940 1328 1110 1370 specimen
1126 1338 1232 1361 novae
1248 1324 1407 1360 editionis
1422 1326 1625 1360 Horatianae
1641 1326 1848 1368 (Monasterii

85 1389 114 1412 a.
142 1371 237 1422 1863)
271 1379 459 1412 infelicibus
488 1379 648 1422 mirisque
682 1379 826 1412 inventis
851 1381 995 1419 scatens,
1023 1379 1163 1412 Roberti
1186 1379 1320 1421 Ungeri,
1353 1378 1414 1411 viri
1449 1389 1530 1411 sane
1562 1378 1649 1411 acuti
1683 1380 1783 1420 atque
1817 1378 1851 1411 in

84 1428 281 1464 eruditionis
304 1431 356 1464 vel
381 1431 626 1464 remotissimae
659 1432 786 1473 campis
819 1430 1050 1471 versatissimi,
1084 1431 1144 1464 sed
1176 1430 1262 1464 ultra
1295 1431 1401 1463 iustae
1434 1429 1516 1462 artis
1549 1430 1631 1462 fines
1665 1429 1847 1471 evagantia,

85 1482 348 1523 emendationes,
382 1493 464 1524 quas
488 1485 593 1523 vocat,
626 1483 829 1516 Horatianas
852 1483 958 1523 (Halis
981 1493 1010 1515 a.
1036 1482 1139 1525 1872),
1173 1482 1304 1515 Aemilii
1327 1481 1510 1520 Baehrens,
1543 1482 1621 1523 post
1653 1481 1776 1514 multos
1810 1491 1848 1513 ac

83 1524 207 1576 partim
233 1535 314 1567 sane
337 1532 428 1567 haud
451 1534 676 1567 infructuosos
705 1534 840 1567 labores
868 1545 974 1576 nuper
1002 1534 1159 1575 defuncti,
1188 1536 1367 1576 antequam
1395 1532 1438 1565 ad
1465 1534 1629 1565 maturam
1657 1541 1695 1565 ac
1725 1535 1849 1565 rectam

66 1585 204 1632 ,feracis
232 1585 359 1633 ingenii
382 1586 432 1619 sui
456 1586 571 1619 dotum
594 1585 852 1628 explicationem
874 1586 1073 1627 pervenerit,
1102 1585 1263 1618 lectiones
1292 1585 1492 1617 Horatianas
1515 1583 1718 1625 (Groningae
1744 1581 1850 1625 1880),

84 1636 168 1679 quae
195 1626 308 1670 omnia
334 1637 439 1678 vobis,
467 1640 504 1670 ut
533 1648 616 1679 quae
646 1638 687 1671 de
710 1638 845 1670 Graecis
874 1637 995 1670 litteris
1019 1637 1102 1670 Cato
1132 1634 1307 1681 censorius
1335 1636 1415 1668 olim
1444 1635 1527 1668 dixit
1555 1633 1598 1667 ad
1627 1635 1709 1667 haec
1739 1633 1850 1667 studia

83 1686 272 1729 adhibeam,
293 1689 422 1722 bonum
445 1689 487 1738 sit
510 1689 686 1731 inspicere,
710 1700 778 1722 non
800 1689 1001 1731 perdiscere.

232 1767 515 1800 Recentissimum
530 1777 609 1803 vero
624 1767 742 1800 talium
765 1767 951 1799 studiorum
967 1766 1237 1803 Horatianorum,
1261 1765 1350 1806 quod
1366 1765 1479 1802 sciam,
1503 1765 1691 1806 exemplum
1712 1765 1850 1805 praebet

83 1818 320 1851 commentatio
336 1818 446 1859 aliqua
459 1815 648 1851 ‘Lectiones
661 1817 857 1851 Venusinae’
872 1818 1034 1859 inscripta
1049 1819 1082 1850 et
1095 1827 1200 1858 nuper
1211 1817 1444 1858 Mnemosyncs
1459 1816 1620 1848 volumini
1632 1816 1717 1848 sexti
1729 1816 1850 1850 decimi

82 1878 189 1902 novae
211 1869 311 1903 seriei
335 1869 379 1911 (p.
393 1870 577 1911 293-315)
593 1870 729 1909 inserta,
752 1880 852 1911 quam
869 1869 1070 1910 conscripsit
1083 1869 1110 1901 J.
1124 1869 1150 1901 J.
1167 1868 1392 1904 Cornelissen,
1415 1868 1465 1899 vir
1481 1869 1513 1899 et
1529 1867 1600 1908 ipse
1617 1877 1698 1900 sane
1715 1867 1849 1908 ingenio

81 1922 180 1962 atque
202 1921 356 1955 acumine
379 1931 449 1955 non
461 1931 590 1962 carens,
613 1921 673 1954 sed
697 1922 797 1954 nimis
820 1921 950 1954 libidini
974 1931 1063 1959 suae,
1087 1930 1135 1959 ea,
1159 1929 1243 1962 quae
1259 1919 1323 1951 sibi
1346 1919 1488 1960 placent,
1510 1929 1572 1960 pro
1588 1918 1640 1957 iis,
1663 1928 1747 1960 quae
1763 1918 1846 1960 ipsis

79 1972 246 2005 veteribus
263 1973 482 2014 scriptoribus
498 1974 704 2015 placuerunt,
727 1974 838 2005 verbis
862 1983 978 2005 eorum
994 1971 1164 2004 inserendi
1186 1971 1372 2011 indulgens.
1407 1970 1508 2002 Cuius
1525 1972 1666 2002 conatus
1683 1970 1716 2002 in
1733 1970 1843 2002 verbis

81 2024 266 2057 carminum
277 2025 537 2058 Horatianorum
552 2036 612 2067 per
627 2025 731 2058 libros
755 2025 967 2066 potissimum
990 2026 1058 2056 tres
1082 2023 1211 2064 priores
1235 2022 1453 2054 emendandis
1476 2021 1626 2063 prolatos
1650 2021 1844 2062 singillatim

81 2075 136 2109 hic
154 2077 328 2110 vobiscum
351 2078 598 2111 communicare
622 2078 716 2115 nolo;
739 2087 842 2110 unum
864 2077 1045 2109 alterumve
1069 2074 1169 2107 modo
1193 2084 1268 2106 cum
1285 2073 1450 2114 scriptura
1471 2073 1596 2114 vulgari
1619 2073 1842 2114 compositum

80 2129 164 2161 ante
173 2129 289 2162 oculos
304 2129 401 2161 vobis
417 2139 552 2170 ponam,
574 2132 611 2162 ut
627 2129 778 2168 videatis,
802 2128 962 2161 subitaria
978 2127 1083 2168 magis
1107 2126 1174 2165 illa,
1198 2135 1296 2167 quam
1320 2135 1420 2167 supra
1442 2125 1615 2166 descripsi,
1639 2125 1770 2157 ratione
1785 2125 1846 2157 has

78 2181 197 2221 poetae
222 2181 402 2214 verborum
433 2181 682 2214 immutationes
719 2183 811 2213 ortas
839 2189 915 2213 esse
943 2189 1042 2222 quam
1070 2181 1142 2211 arte
1175 2178 1262 2211 iusta
1295 2177 1594 2218 circumspectione
1628 2179 1661 2210 et
1694 2177 1846 2209 cautione

80 2230 251 2275 frenata.*)

166 2451 167 2455 ,
230 2425 254 2459 ²⁸)
273 2425 440 2452 Subveretur
458 2425 498 2451 vir
516 2414 716 2452 illustrissimus
735 2431 761 2457 p.
780 2423 840 2454 315.
858 2430 894 2450 ne
912 2422 1037 2449 nonnulli
1057 2421 1119 2453 loci,
1147 2429 1217 2455 quos
1236 2421 1338 2455 primus
1365 2420 1529 2447 emendasse
1558 2419 1611 2446 sibi
1638 2419 1712 2446 visus
1739 2418 1783 2450 sit.
1810 2417 1845 2446 ab

78 2469 140 2497 aliis
157 2469 213 2496 iam
230 2471 294 2496 ante
318 2477 348 2496 se
365 2469 461 2495 eadem
482 2468 588 2495 ratione
618 2467 672 2494 siut
690 2467 788 2498 sanati.
811 2467 908 2494 merito
927 2474 1051 2498 censens,
1071 2465 1275 2492 excusationem
1294 2464 1344 2491 sibi
1358 2467 1484 2498 paratum
1504 2463 1534 2490 iri
1554 2466 1665 2498 propter
1682 2463 1843 2490 immensum

78 2513 229 2541 litterarum
249 2513 461 2540 Horatianarum
480 2511 612 2538 ambitum
630 2519 681 2538 nec
699 2510 789 2538 minus
807 2511 905 2537 merito
924 2518 973 2537 eos
997 2509 1144 2543 castigans.
1163 2509 1210 2542 qui
1240 2511 1351 2543 propter
1378 2507 1445 2534 talia
1471 2506 1543 2534 altos
1571 2507 1706 2533 clamores
1733 2506 1843 2536 tollunt,

77 2557 185 2592 probris
204 2557 379 2584 innocentem
398 2558 539 2583 auctorem
558 2557 714 2586 onerantes,
732 2557 874 2588 tamquam
893 2553 984 2580 aliena
1002 2553 1102 2580 scrinia
1121 2552 1316 2586 compilaverit.
1344 2551 1366 2578 A
1379 2559 1504 2585 quorum.
1523 2553 1553 2577 ut
1566 2550 1649 2577 verbo
1662 2550 1843 2576 Lactantiano
