2138 2748
1068 271 1268 320 ᾠδῇ

433 373 720 407 THEODORUS
749 373 940 410 POLECK,
967 373 1024 406 Dr.
1047 373 1084 407 P.
1114 374 1150 406 P.
1183 373 1223 405 O.
1268 374 1441 406 Publice
1464 374 1490 407 I.
1543 375 1738 417 Colloquium
1761 376 2059 418 chemico-pharma-

280 428 432 459 ceuticum
470 426 624 458 instituet
664 425 768 457 semel
812 436 872 467 per
911 425 1012 459 hebd.
1041 425 1074 456 h.
1105 425 1170 458 def.
1219 425 1416 457 Privatim
1445 426 1485 457 Π.
1533 426 1692 458 Chemiam
1720 429 1903 466 oryanicam
1935 428 2059 460 ratione

276 479 483 519 pharmaciae
519 478 695 519 praecipue
737 477 844 509 habita
892 476 1003 508 tradet
1051 481 1085 508 et
1128 477 1364 518 experimentis
1401 477 1585 509 illustrabit
1622 478 1775 520 quotidie
1812 478 1846 511 h.
1882 478 1942 511 IX.
2001 478 2059 512 111.

280 530 604 570 Pharmacoqnosiam
627 528 739 560 tradet
762 527 793 560 d.
814 528 911 559 Mart.
929 532 962 559 et
978 527 1064 559 Ven.
1082 528 1114 560 h.
1129 528 1186 559 XI.
1231 528 1289 559 IV.
1320 530 1369 560 De
1391 529 1544 560 methodis
1567 530 1735 569 analyticis
1758 531 1802 561 ad
1822 531 2007 562 nutrimenti
2029 538 2059 561 et

281 591 381 622 aquae
404 584 433 612 et
455 581 540 611 ae‘ris
563 580 700 612 indolem
718 581 987 621 perscrutandam
1010 583 1087 621 aget
1110 578 1142 611 d.
1165 579 1248 610 Lun.
1274 583 1308 611 et
1329 580 1400 612 Iov.
1423 579 1457 613 h.
1473 580 1530 612 XI.
1571 579 1611 611 V.
1651 581 1687 612 ln
1709 580 1902 613 laboratorio
1924 581 2061 613 instituti

277 632 527 672 pbarmaceutici
549 633 789 663 ewercitationes
813 632 967 663 cbemicas
993 631 1166 672 praecipue
1194 631 1236 662 ad
1260 632 1493 672 pharmaciam,
1527 631 1679 663 cbemiam
1697 632 1876 671 sorensem,
1909 632 2062 672 byyienen

276 683 436 724 publicam
451 686 625 723 spectantes
649 682 878 714 moderabitur
902 681 933 714 (1.
957 682 1041 714 Lun.
1058 681 1155 714 Mart.
1172 681 1275 714 Merc.
1291 683 1360 714 Iov.
1379 681 1462 714 Ven.
1478 681 1557 713 inde
1574 682 1615 713 ab
1632 682 1665 714 h.
1682 682 1742 714 IX.
1765 693 1875 724 usque
1898 681 1943 714 ad
1964 681 1998 715 h.
2015 681 2059 715 V.

435 741 719 774 VLADISLAUS
742 741 964 777 NEHRING,
989 741 1047 773 Dr.
1070 741 1106 773 P.
1130 741 1166 773 P.
1191 741 1232 773 O.
1276 741 1453 772 Publice
1476 741 1501 773 Ι.
1540 741 1776 774 Introductione
1798 743 1837 774 de
1854 743 1949 784 poesi
1970 743 2061 783 epica

280 795 368 834 apud
383 793 498 825 Serbes
514 794 607 832 sacta
630 794 668 824 de
685 794 791 834 poetis
809 792 1080 824 Oroato-Serbicis
1097 793 1318 824 Hektorovicio
1342 796 1371 824 et
1389 792 1580 825 Gundulicio
1605 792 1748 824 disseret
1771 792 1803 824 d.
1819 792 1924 826 Mete.
1940 797 1974 825 et
1989 792 2060 824 Sat.

283 844 315 876 h.
329 844 403 876 XII.
442 844 639 875 Privatim
662 841 703 876 11'.
741 844 919 876 Historiam
941 844 1117 875 litterarum
1139 854 1221 875 saec.
1238 843 1359 875 XVIII.
1384 845 1418 875 in
1429 844 1565 876 Polonia
1587 847 1617 875 et
1627 844 1748 876 Russia
1771 854 1925 876 enarrare
1943 848 2062 887 perget

282 896 314 928 d.
339 896 408 927 Sat.
433 895 465 926 h.
490 895 549 927 IV.
594 895 650 926 III.
695 896 873 926 Historiam
896 895 1023 935 linyuae
1046 899 1075 926 et
1097 896 1272 926 litterarum
1295 895 1538 926 Bobemicarum
1562 894 1776 926 adumbrabit
1799 894 1832 928 d.
1855 895 1939 928 Lun.
1956 895 2061 927 Mero.

283 947 367 979 Ven.
391 947 423 978 h.
450 946 489 977 V.
534 946 593 978 IV.
638 947 892 978 Emercitationes
917 946 1243 987 slavo-philoloyicas
1266 946 1419 976 instituet
1442 950 1492 976 ter
1514 955 1576 988 per
1599 945 1700 978 hebd.
1724 946 1756 979 h.
1781 945 1839 979 VL

432 1005 668 1038 ANTONIUS
694 1005 968 1041 SCHNEIDER
991 1005 1050 1037 Dr.
1074 1006 1110 1038 P.
1133 1005 1169 1038 P.
1195 1005 1235 1038 O.
1288 1005 1497 1037 PubliceI.
1533 1005 1574 1038 In
1588 1007 1729 1038 instituto
1741 1007 1903 1047 zooloyico
1925 1016 2062 1050 operam

282 1057 411 1089 daturis
425 1057 542 1088 aderit.
587 1057 782 1088 Privatim
802 1056 840 1088 11.
881 1057 1063 1097 Zooloyiam
1086 1057 1272 1089 animalium
1294 1058 1542 1090 vertebraton
1566 1057 1704 1088 docebit
1727 1056 1758 1089 d.
1774 1057 1859 1089 Lun.
1876 1057 1974 1090 Mart.
1989 1058 2060 1090 Iov.

283 1108 369 1140 Ven.
394 1108 426 1141 h.
440 1107 482 1141 X.
528 1108 814 1139 Privatissime
838 1113 880 1139 et
902 1108 1034 1150 gratis
1056 1108 1113 1141 III.
1161 1108 1324 1150 Colloquia
1347 1109 1509 1148 zooloyica
1524 1108 1663 1140 babebit
1679 1108 1711 1141 d.
1725 1108 1807 1142 Lun.
1823 1107 1858 1142 h.
1873 1108 1928 1142 VI.
1942 1112 1975 1141 et
1988 1106 2062 1141 Vll.

436 1167 698 1200 GUILELMUS
733 1167 1039 1208 STUDEMUND,
1074 1167 1133 1201 Dr.
1162 1168 1198 1201 P.
1227 1168 1263 1200 P.
1294 1168 1334 1199 O.
1391 1168 1564 1199 Publice
1595 1169 1620 1200 I.
1677 1168 1850 1201 Seminarii
1878 1169 2063 1210 philologici

282 1220 445 1252 sodalibus
468 1220 645 1251 ordinariis
668 1219 848 1251 Aristotelis
870 1220 909 1251 de
932 1222 1000 1250 arte
1013 1220 1138 1260 poetica
1161 1220 1275 1251 librum
1297 1220 1524 1252 recensendum
1548 1223 1576 1251 et
1598 1221 1870 1261 interpretandum
1891 1218 2063 1262 proponet

283 1276 316 1303 et
330 1272 468 1313 reliquas
484 1271 651 1302 seminarii
666 1271 906 1302 emercitationes
923 1270 1153 1302 moderabitur
1169 1270 1200 1302 d.
1214 1271 1284 1302 Sat.
1301 1270 1333 1303 h.
1347 1270 1390 1303 X.
1404 1275 1437 1302 et
1448 1270 1507 1302 XI.
1536 1270 1734 1302 Privatim
1747 1271 1789 1303 11.
1815 1271 2063 1304 Grammaticam

283 1324 409 1363 linquae
432 1323 549 1353 latinae
572 1322 756 1353 historicam
786 1321 923 1352 docebit
947 1321 978 1352 d.
1003 1321 1085 1353 Lun.
1109 1321 1208 1353 Mart.
1231 1322 1302 1354 Iov.
1327 1321 1358 1352 V
1361 1332 1412 1354 en.
1435 1321 1469 1354 h.
1493 1321 1564 1363 XL,
1600 1321 1632 1355 d.
1656 1322 1759 1355 Mere.
1789 1321 1822 1355 11.
1846 1321 1902 1363 X„
1935 1321 1968 1356 d.
1991 1321 2063 1355 Sat.

283 1374 315 1406 h.
339 1374 412 1405 XII.
458 1374 515 1405 111.
558 1374 683 1405 Terenti
697 1373 920 1405 Phormionem
942 1372 1218 1414 interpretabitur
1240 1373 1272 1405 d.
1288 1373 1371 1406 Lun.
1388 1373 1488 1406 Mart.
1503 1374 1574 1405 Iov.
1592 1373 1677 1406 Ven.
1693 1373 1726 1405 h.
1743 1373 1817 1406 XII.

435 1427 685 1460 EDUARDUS
708 1427 911 1464 MAGNUS,
935 1427 993 1460 Dr.
1015 1428 1052 1460 P.
1073 1428 1110 1461 P.
1133 1428 1174 1460 O.
1224 1428 1429 1460 Valetudine
1451 1428 1634 1471 impeditus
1657 1428 1794 1461 scholas
1820 1439 1890 1461 non
1915 1428 2064 1462 habebit.

435 1483 762 1516 FERDINANDUS
798 1483 941 1520 COHN,
971 1484 1030 1516 Dr.
1059 1483 1095 1516 P.
1118 1484 1155 1516 P.
1180 1483 1220 1515 O.
1277 1484 1451 1516 Publice
1477 1484 1503 1516 Ι.
1550 1484 1746 1526 Colloquium
1769 1485 1946 1518 botanicum
1969 1489 2064 1528 reget

282 1547 350 1568 una
366 1547 440 1567 cum
456 1535 491 1568 F.
508 1535 668 1568 Schwarz
685 1535 754 1571 Dr.,
773 1534 803 1566 d.
820 1535 891 1566 Iov.
908 1534 941 1567 h.
960 1534 1017 1566 VI.
1062 1534 1260 1566 Privatim
1285 1535 1325 1568 11.
1361 1536 1564 1568 Anatomiam
1586 1539 1615 1568 et
1632 1536 1867 1577 physiologiam
1877 1536 2064 1578 plantarum

285 1587 423 1619 docebit
446 1590 566 1629 quater
588 1597 649 1629 per
663 1586 764 1619 hebd.
789 1586 820 1617 11.
836 1585 911 1619 XII.
937 1590 970 1617 et
992 1596 1120 1618 cursum
1148 1586 1408 1627 microscopicum
1430 1591 1525 1629 reget
1548 1586 1581 1619 d.
1597 1586 1701 1620 Merc.
1719 1591 1752 1619 et
1767 1586 1838 1620 Sat.
1854 1586 1887 1620 h.
1903 1586 1992 1620 lLet
2005 1587 2063 1620 m.

283 1640 340 1672 ΙΙΙ.
364 1640 541 1671 Historiam
558 1639 745 1680 plantarum
768 1638 1032 1679 thallophytarum
1047 1637 1368 1669 demonstrationibus
1384 1639 1620 1679 microscopicis
1635 1639 1827 1670 illustratam
1850 1643 1998 1680 exponet
2015 1642 2067 1671 ter

284 1702 344 1734 per
366 1689 467 1723 hebd.
491 1689 524 1722 h.
549 1689 615 1723 def.
659 1688 949 1720 Privatissime
976 1688 1035 1720 IV.
1080 1689 1119 1719 In
1140 1689 1282 1720 instituto
1300 1689 1612 1730 phytophysioloyico
1635 1699 1772 1731 operam
1795 1688 1925 1722 (laturis
1947 1689 2066 1722 aderit.

435 1748 678 1781 AUGUSTUS
703 1748 765 1780 DE
790 1747 1103 1783 MIASKOWSKI,
1128 1747 1186 1780 Dr.
1209 1747 1245 1780 P.
1268 1747 1305 1780 P.
1329 1747 1370 1779 O.
1415 1748 1614 1780 Privatim
1637 1748 1662 1782 Ι.
1693 1749 1902 1781 Oeconomia'c
1919 1749 2067 1790 publicae

282 1804 407 1843 partem
427 1802 606 1841 yeneralem
629 1800 768 1831 docebit
791 1799 822 1832 d.
839 1799 937 1832 Mart.
954 1799 1058 1831 Mero.
1074 1799 1146 1831 Iov.
1162 1798 1248 1831 Ven.
1270 1799 1303 1830 h.
1322 1799 1363 1831 V.
1407 1799 1446 1831 ΙΙ.
1481 1801 1667 1832 Doctrinam
1681 1801 1849 1840 fructuum
1865 1800 2067 1842 publicorum
2135 1806 2138 1817 ⁵

284 1852 396 1884 tradet
425 1852 456 1884 d.
481 1852 578 1884 Mart.
596 1852 699 1884 Mero.
723 1851 794 1883 Iov.
818 1851 903 1882 Ven.
927 1851 961 1884 h.
979 1850 1038 1883 IV.
1082 1850 1139 1883 111.
1163 1851 1212 1882 De
1235 1861 1270 1882 re
1287 1861 1468 1892 pauperum
1491 1855 1519 1883 et
1541 1852 1580 1883 de
1601 1862 1637 1883 re
1659 1852 1772 1883 sociali
1795 1851 1940 1883 disseret
1960 1850 2066 1883 semel
2136 1874 2138 1878 .

284 1914 345 1945 per
359 1902 460 1934 hebd.
478 1902 511 1936 h.
529 1902 594 1934 def.
631 1901 923 1934 Privatissime
947 1906 986 1933 et
1009 1901 1140 1943 gratis
1155 1900 1215 1933 IV.
1237 1902 1492 1934 Exercitationes
1513 1903 1712 1935 oeconomico
1715 1903 1876 1944 -politicas
1897 1901 2065 1934 moderari
2135 1904 2138 1946 J

285 1959 403 1998 perget
435 1954 488 1985 bis
522 1963 584 1996 per
613 1953 713 1986 hebd.
740 1954 773 1985 h.
798 1953 863 1985 def.

436 2013 633 2046 IACOBUS
662 2013 885 2050 ROSANES,
919 2012 978 2045 Dr.
1001 2012 1037 2045 P.
1061 2012 1097 2044 P.
1122 2011 1163 2044 O.
1214 2012 1388 2044 Publice
1417 2013 1442 2045 I.
1486 2013 1740 2045 Exercitationes
1767 2013 2004 2045 mathematicas
2031 2013 2066 2044 in

285 2066 457 2098 seminario
473 2065 835 2106 mathematico—physico
851 2063 1081 2095 moderabitur
1093 2063 1197 2094 semel
1213 2074 1274 2106 per
1285 2063 1387 2096 hebd.
1411 2063 1443 2096 h.
1460 2063 1525 2097 def.
1570 2064 1767 2096 Privatim
1784 2064 1824 2096 11.
1855 2064 2066 2096 &eomes-iam

285 2118 383 2158 spatii
405 2117 596 2157 analyticam
617 2116 777 2148 tractabit
798 2119 850 2147 ter
866 2125 927 2158 per
941 2115 1043 2147 hebd.
1067 2115 1100 2147 h.
1117 2114 1176 2147 Xl.
1206 2115 1263 2147 III.
1292 2116 1456 2147 Elementa
1478 2115 1624 2157 alyebrae
1647 2126 1741 2158 quam
1757 2116 1866 2148 dicunt
1879 2115 2076 2159 recentioris

287 2171 434 2209 exponet
456 2167 509 2198 bis
532 2178 593 2209 per
615 2166 717 2199 hebd.
741 2166 774 2197 h.
798 2166 856 2199 XI.

439 2222 683 2255 ADOLPHUS
708 2221 910 2260 ENGLER,
948 2222 1007 2254 Dr.
1031 2222 1067 2255 P.
1089 2223 1126 2255 P.
1151 2222 1192 2255 O.
1240 2222 1412 2255 Publice
1440 2222 1465 2255 Ι.
1515 2223 1554 2255 In
1587 2223 1671 2255 horti
1702 2223 1840 2256 botanici
1871 2223 2065 2255 laboratorio

287 2285 424 2316 operam
441 2274 569 2306 daturis
586 2274 704 2307 aderit.
748 2274 775 2305 P
786 2274 860 2305 riv
872 2284 891 2305 a
902 2279 916 2305 t
927 2274 938 2304 i
951 2285 980 2304 m
1005 2274 1048 2306 11.
1087 2274 1263 2306 Botanicen
1282 2274 1462 2315 ¹qeneralem
1485 2273 1622 2306 docebit
1645 2274 1676 2307 d.
1690 2276 1771 2307 Lun.
1784 2274 1882 2307 Mart.
1894 2273 1966 2307 lov.
1977 2272 2064 2306 Ven.
2131 2295 2138 2318 3

289 2326 322 2358 h.
346 2325 389 2359 X.
433 2327 490 2358 ΙΠ.
541 2327 720 2358 Historiam
748 2326 935 2367 plantarum
969 2326 1274 2366 cryptoyamicarum
1302 2326 1503 2366 superiorum
1532 2326 1858 2366 (archeyoniatarum)
1887 2329 1916 2358 et
1936 2334 2064 2366 yymno-

286 2387 485 2418 spermarum
508 2381 655 2419 exponet
679 2377 711 2408 d.
731 2377 834 2408 Merc.
860 2381 893 2408 et
916 2377 985 2409 Sat.
1010 2376 1042 2408 h.
1066 2376 1109 2408 X.
1160 2375 1447 2408 Privatissime
1469 2375 1529 2409 IV.
1576 2376 1713 2409 Cursum
1734 2377 1994 2418 microscopicum
2015 2377 2063 2408 in·
2126 2373 2127 2377 ’

282 2429 398 2469 primis
421 2429 464 2460 ad
482 2429 702 2469 pharmaciam
723 2431 914 2469 spectantem
935 2427 1089 2459 instituet
1111 2426 1144 2459 d.
1168 2426 1238 2460 Sat.
1261 2426 1317 2458 vel
1339 2426 1443 2460 Merc.
1466 2426 1499 2459 h.
1523 2427 1582 2460 XI.
1606 2432 1641 2459 et
1661 2427 1737 2460 XII.

438 2478 467 2509 T
471 2478 724 2511 HEODORUS
742 2479 926 2515 WEBER,
949 2479 1008 2511 Dr.
1024 2478 1061 2511 P.
1077 2478 1114 2511 P.
1132 2477 1171 2510 O.
1209 2478 1384 2510 Publice
1399 2478 1424 2511 1.
1462 2479 1713 2511 Exercitationes
1725 2478 1933 2521 philosophas
1951 2476 2064 2509 mode-

285 2530 415 2562 rabitur
438 2530 540 2562 semel
562 2541 624 2572 per
639 2530 740 2563 hebd.
765 2530 797 2563 d.
815 2530 880 2563 def.
909 2530 1105 2562 Privatim
1121 2529 1162 2562 11.
1186 2530 1335 2571 Loyicam
1358 2534 1506 2571 exponet
1522 2529 1553 2561 d.
1567 2529 1651 2562 Lun.
1663 2530 1762 2562 Mart.
1774 2530 1845 2561 Iov.
1861 2528 1944 2562 Ven.
1956 2527 1990 2561 h.
2001 2527 2062 2561 IV.
