2138 2748
984 270 1002 301 7

105 363 352 405 interpolatum.
376 364 512 396 66—93.
546 363 706 397 98—100.
743 365 919 397 105—124.
956 365 1024 396 131.
1064 365 1238 398 133—139.
1277 367 1452 399 14:3-152.
1492 368 1666 400 166—178.
1704 369 1879 400 182—185.

108 414 284 447 189—195.
311 414 487 447 199-210,
506 415 689 454 157-163;
707 413 956 448 ‘Distichorum'
980 425 1098 448 versus
1117 417 1235 455 1—583
1255 416 1548 459 ‘Comparationis'
1567 429 1682 451 versus
1704 420 1879 451 153-160.

108 466 178 498 163.
204 465 274 498 161.
301 466 370 497 162.
419 466 490 498 Hac
520 476 675 499 versuum
706 466 873 507 farragine
901 467 1135 508 Rutgersiana,
1165 478 1230 509 qua
1260 469 1346 501 duae
1372 470 1587 510 anthologiae
1617 471 1768 503 diversae
1798 480 1880 503 con-

104 516 199 549 fusae
222 518 310 556 sunt,
334 516 409 549 freti
426 517 581 550 homines
605 518 694 550 docti
713 519 841 550 rectum
857 517 1015 550 iudicium
1032 518 1072 551 de
1085 517 1379 560 ‘Comparationis'
1405 522 1650 563 compositione
1666 533 1708 554 ne
1724 524 1880 563 poterant

107 567 241 610 quidem
265 568 385 600 facere.
434 568 574 601 Addidit
601 570 744 610 Rutgers
774 569 819 611 (p.
843 570 1025 611 367—381)
1054 579 1175 602 novam
1209 570 1479 612 Comparationis
1514 574 1705 606 versionem
1741 574 1878 606 latinam

105 620 139 652 et
161 617 206 661 (p.
229 619 412 658 381—386)
435 615 560 652 ‘Notas’
589 620 699 660 (nobis
729 620 940 662 ‚‚Rutgers“)‚
970 621 1004 652 in
1033 621 1154 662 quibus
1183 624 1235 654 ter
1262 624 1393 655 tantum
1423 623 1568 656 citantur
1597 625 1759 657 lectiones
1794 627 1879 658 tam-
1900 630 2017 663 llutgcrs

0 654 4 658 ¹
52 708 54 710 ,
105 679 236 712 quam,
239 669 283 709 ,in
306 670 434 702 alter0“
458 671 574 704 codice
596 673 784 704 exstantes·
813 664 856 704 sid
878 682 995 705 versus
1020 674 1157 705 nostrae
1186 673 1344 706 editionis
1375 674 1413 706 12
1436 674 1541 717 (ἔχει),
1571 676 1613 707 50
1635 675 1740 716 (διδῶν
1762 676 1879 717 αἰτεῖν)

108 721 170 754 120
191 718 254 763 (fik
267 730 336 753 eae
360 730 434 754 cum
458 731 576 754 omnes
599 724 633 754 et
656 722 689 754 in
710 721 738 762 Q
759 724 792 754 et
815 722 849 754 in
866 721 900 754 P
919 723 1080 764 legantur,
1104 723 1242 756 dubium
1258 725 1391 766 quidem
1416 727 1477 764 est,
1500 728 1611 758 utrum
1634 727 1760 759 codicis
1786 727 1814 766 Q
1835 737 1879 759 an

103 771 230 805 codicis
253 771 288 804 P
306 773 500 814 apographo
523 783 604 805 usus
628 773 672 806 sit
693 774 792 806 Ianus
808 774 952 815 Rutgers
976 775 1019 807 ad
1042 775 1311 816 locupletandam
1326 777 1550 818 Rigaltianam
1573 778 1767 811 editionem.
1812 779 1880 811 Sed

104 831 180 856 oum
202 823 238 855 in
253 821 287 854 P
306 823 439 864 (nonin
458 823 497 865 Q)
515 819 687 857 ‘Disticha'
712 826 901 866 proximum
917 828 995 867 post
1006 824 1323 868 ‘Comparationem’
1347 828 1458 861 locum
1474 831 1648 870 occupent,
1671 829 1878 870 probabilius

103 875 156 908 est
177 874 303 908 codicis
327 873 361 906 P
379 876 609 916 apographum
632 877 811 918 Rutgersio
834 879 970 918 praesto
994 878 1107 910 fuisse.
1151 879 1223 911 Hoc
1247 882 1390 919 constat,
1414 890 1483 912 non
1506 881 1605 913 tertio
1629 881 1744 913 codiee
1767 881 1878 922 aliquo

106 935 183 959 eum
209 935 307 959 usum
337 936 428 967 esse3
459 936 537 959 nam
565 927 655 969 quod
682 928 711 960 is
739 928 782 961 ad
809 938 942 961 versum
971 930 1013 961 60
1040 929 1194 963 adnotat:
1223 931 1279 970 „in
1307 931 1376 964 MS.
1399 931 1517 973 φθόνον
1543 942 1578 964 τε
1599 931 1747 974 ἑπήριοψ*
1781 934 1814 965 et
1836 933 1877 964 ad

102 987 238 1011 versum
257 977 317 1010 115
341 979 434 1017 „erat
456 978 491 1010 in
506 978 574 1011 MS.
599 978 755 1012 δουλεύων
769 979 900 1023 φοβοῦ“,
925 991 1000 1013 cum
1023 983 1178 1014 neutrum
1201 982 1236 1014 in
1262 982 1324 1022 QP
1342 983 1480 1024 legatur,
1503 986 1643 1025 apparet
1664 984 1877 1025 Rutgersium

102 1038 172 1062 non
194 1038 334 1071 prorsus
357 1031 511 1062 accurate
536 1030 690 1063 confecto
713 1032 908 1073 apographo
932 1033 1058 1065 codicis
1084 1031 1112 1072 Q
1132 1034 1184 1065 vel
1208 1033 1242 1065 P
1261 1044 1358 1066 usum
1381 1044 1467 1067 esse.
1513 1035 1679 1074 Ceterum,
1707 1038 1744 1067 ut
1766 1035 1878 1068 omnis

101 1080 296 1122 profligetur
314 1080 489 1120 dubitatio,
513 1081 548 1113 in
570 1084 734 1123 apparatu
757 1082 874 1115 critico
898 1093 1016 1116 omnes
1040 1086 1217 1117 contextus
1232 1086 1447 1126 Rutgersiani
1470 1097 1490 1118 a
1513 1089 1630 1119 nostro
1654 1087 1878 1129 discrepantis

102 1131 265 1166 lectiones
288 1131 409 1174 (‚‚Ru“)
433 1133 781 1166 commemorabimus.

250 1179 366 1215 ‘Notis'
389 1183 624 1225 Rutgersianis
648 1185 798 1218 adiectae
822 1188 901 1219 sunt
924 1187 968 1228 (p.
991 1187 1052 1220 387
1081 1206 1124 1210 -
1151 1198 1183 1229 p.
1206 1189 1283 1230 423)
1310 1189 1547 1222 adnotationes
1570 1192 1603 1222 et
1625 1190 1878 1223 emendationes
1897 1195 2025 1222 heinsius

100 1234 250 1268 Danielis
272 1234 413 1267 Heinsii.

254 1285 424 1327 Rutgersii
439 1288 472 1319 et
490 1286 620 1319 Heinsii
638 1288 828 1330 exemplum
841 1290 946 1322 secuti
960 1290 1116 1323 homines
1133 1291 1223 1323 docti
1241 1301 1360 1324 omnes
1373 1292 1474 1325 hodie
1494 1302 1626 1334 quoque
1639 1302 1708 1325 non
1726 1293 1760 1325 id
1777 1303 1878 1334 quae-

103 1339 191 1377 runt,
207 1337 288 1379 quid
303 1337 368 1370 duo
391 1337 439 1370 illi
460 1339 625 1379 poetastri
648 1334 855 1381 scripserint,
874 1341 930 1382 qui
944 1339 1261 1382 ‘Comparationem’
1282 1345 1314 1375 et
1332 1341 1503 1376 ‘Disticha'
1524 1346 1795 1385 composuerunt,
1818 1344 1878 1376 sed

99 1388 180 1431 quid
201 1388 385 1422 Menander
407 1390 440 1421 et
461 1389 625 1430 Philemo,
649 1401 749 1432 quem
772 1392 834 1424 sub
850 1392 1062 1425 Philistionis
1085 1393 1223 1425 nomine
1246 1394 1350 1426 latere
1374 1394 1452 1427 inde
1474 1405 1494 1427 a
1509 1395 1688 1436 Rutgersio
1710 1395 1877 1428 arbitran-

98 1441 168 1480 tur;
202 1439 312 1482 itaque
345 1439 389 1473 ad
423 1440 569 1481 optimae
602 1441 760 1475 dictionis
798 1443 929 1476 Atticae
963 1454 1116 1476 normam
1143 1455 1261 1477 versus
1292 1446 1528 1486 pessumdatos
1557 1446 1736 1478 emendare
1766 1447 1876 1478 conati

101 1493 189 1525 sunt.
232 1491 344 1532 Ipsam
362 1489 679 1533 ‘Comparationem’
703 1495 760 1527 aut
780 1494 854 1536 ipsa
876 1492 1047 1528 ‘Disticha'
1073 1505 1172 1528 nemo
1195 1498 1274 1537 post
1294 1497 1509 1538 Rutgersium
1529 1497 1643 1536 edidit,
1678 1497 1738 1529 sed
1760 1508 1876 1530 versus

98 1552 139 1575 ex
158 1539 439 1583 ‘Comparatione'
465 1545 498 1575 et
520 1553 561 1576 ex
585 1541 765 1577 ‘Distichis’
792 1545 1010 1587 depromptos
1038 1549 1072 1579 et
1099 1557 1160 1588 pro
1184 1547 1312 1580 viribus
1339 1548 1525 1589 perpolitos
1549 1549 1762 1581 inseruerunt
1789 1550 1875 1590 fiag—

97 1595 288 1627 mentorum
311 1603 417 1634 novae
441 1595 635 1627 comoediae
657 1596 789 1629 Atticae
812 1597 1078 1631 collectionibus.

250 1645 355 1678 Paulo
377 1646 586 1686 prudentius,
611 1657 710 1689 quam
733 1648 790 1690 qui
805 1651 925 1690 postea
948 1650 1153 1682 comicorum
1168 1660 1365 1692 graecorum
1389 1651 1576 1692 fragmenta
1599 1651 1785 1691 ediderunt,
1808 1652 1872 1692 egil

98 1697 193 1739 Hugo
216 1696 362 1736 Grotius
386 1706 460 1729 cum
484 1697 518 1729 in
538 1695 725 1740 ‘Execrptis
750 1710 789 1732 ex
806 1701 987 1741 tragoediis
1012 1703 1044 1733 et
1067 1702 1250 1734 comoediis
1267 1701 1402 1743 graecis'
1427 1702 1579 1744 (Parisiis
1602 1714 1632 1735 a.
1659 1704 1752 1744 1626)
1776 1704 1873 1743 longe
1891 1706 2000 1732 Grotius

98 1748 262 1790 plurimos
286 1748 420 1789 quidem
431 1744 726 1790 ‘Comparationis'
750 1760 866 1784 versus
883 1752 1067 1785 Menandro
1083 1753 1314 1786 Philemonive
1329 1754 1501 1793 tribueret,
1525 1756 1672 1786 attamen
1692 1753 1873 1787 ‘Disticho-

97 1797 190 1839 rum',
217 1808 302 1841 quae
329 1799 524 1841 anthologia
558 1801 662 1833 multo
693 1802 839 1836 deterior
873 1805 924 1836 est
948 1801 1241 1846 ‘Comparatione',
1275 1816 1392 1838 versus
1421 1808 1551 1838 tantum
1580 1816 1647 1838 non
1675 1816 1793 1839 omnes
1818 1805 1871 1839 ‘cx

96 1851 225 1884 incerto
249 1849 385 1883 comico’
409 1850 606 1893 desumptus
628 1854 771 1894 putaret.

246 1901 407 1934 Memoria
428 1902 484 1935 vix
500 1903 602 1944 digna
617 1906 668 1936 est
686 1902 872 1938 ‘Menandri
897 1908 930 1938 et
944 1907 1152 1940 Philemonis
1169 1905 1391 1950 reliquiarum'
1416 1909 1518 1941 editio
1541 1910 1583 1942 ab
1599 1910 1724 1942 Ioanne
1743 1910 1873 1942 Clerico

94 1953 338 1986 Amstelodami
364 1954 446 1986 1709
469 1957 593 1994 curata,
617 1965 657 1987 eo
679 1957 810 1988 tantum
834 1957 970 1990 nomine
994 1958 1181 1998 laudabilis,
1209 1960 1298 2000 quod
1321 1960 1526 1992 Richardum
1551 1961 1688 2002 Bentley
1717 1962 1873 1994 excitavit
1893 1965 2006 1999 Bentley

97 2005 140 2037 ad
163 2004 349 2046 egregiam,
353 2005 618 2044 ‚emendationes
648 2006 682 2038 in
709 2007 929 2040 Menandrum
957 2011 990 2042 et
1019 2006 1259 2043 Philemonem'
1288 2011 1330 2052 (a.
1362 2011 1456 2053 1710)
1485 2012 1759 2050 conscribendas,
1789 2022 1871 2053 quas

91 2054 278 2089 ‘Menandri
302 2057 335 2088 et
356 2056 565 2089 Philemonis
590 2055 748 2100 reliquiis'
772 2059 921 2092 Berolini
944 2070 974 2093 a.
1001 2061 1081 2094 1823
1106 2061 1204 2094 editis
1228 2062 1357 2095 addidit
1381 2063 1424 2104 (p.
1448 2063 1511 2095 435
1541 2064 1627 2105 sqq.)
1650 2064 1688 2095 A.
1711 2064 1871 2096 Meineke.

248 2103 392 2140 Omnes‘
397 2105 678 2149 Comparationis’
691 2112 724 2142 et
732 2108 982 2144 ‘Distichorum'
1000 2123 1117 2145 versus
1130 2113 1314 2146 Menandro
1328 2113 1556 2146 Philemonive
1573 2115 1689 2147 tribuit
1700 2115 1870 2155 Augustus

93 2158 244 2191 Meineke
273 2158 307 2190 in
329 2154 517 2192 ‘Menandri
546 2163 579 2193 et
607 2161 816 2194 Philemonis
846 2161 1004 2204 reliquiis'
1036 2164 1183 2196 Berolini
1212 2175 1241 2197 a.
1280 2165 1360 2197 1823
1389 2166 1605 2206 sagacissime
1634 2166 1732 2198 editis
1756 2163 1913 2208 (nobisM

94 2209 210 2251 ,“‚,M¹)
239 2209 377 2251 eiusque
405 2211 595 2252 exemplum
624 2215 758 2246 secutae
788 2215 866 2245 sunt
899 2214 1065 2247 editiones
1094 2216 1248 2248 Parisina
1276 2226 1305 2248 a.
1340 2217 1422 2248 1838
1457 2227 1485 2249 a
1514 2217 1684 2250 Friderico
1714 2218 1870 2250 Duebner
1889 2223 2018 2250 Duebner

95 2263 219 2300 curata,
250 2261 460 2294 Meinekiana
487 2272 515 2295 a.
549 2264 627 2296 1841
659 2263 706 2306 (in
735 2265 1012 2306 Fiagmentorum
1042 2266 1257 2299 comicorum
1285 2267 1488 2299 Graecorum
1516 2268 1686 2300 volumine
1708 2269 1761 2307 IV,
1785 2279 1870 2310 quae

93 2312 192 2345 nobis
221 2312 311 2352 „M”
340 2313 415 2354 est),
444 2313 654 2347 Meinekiana
683 2325 711 2347 a.
743 2316 823 2348 1847
853 2316 901 2358 (in
929 2317 1205 2358 Fragmentorum
1240 2318 1366 2350 Comic.
1396 2319 1510 2351 Gracc.
1540 2319 1697 2352 editionis
1727 2320 1868 2353 minoris
1888 2318 1926 2345 Μ’

92 2364 188 2405 parte
211 2363 248 2403 Π,
272 2373 356 2405 quae
379 2364 478 2397 nohis
501 2365 592 2405 „M³·‘
616 2369 681 2406 est)
695 2366 727 2409 ¹),
750 2367 935 2408 Lipsiensis
959 2378 988 2401 a.
1016 2369 1096 2401 1884
1124 2379 1144 2401 a
1167 2370 1348 2402 Theodoro
1371 2370 1463 2402 Koek
1493 2371 1726 2404 sollertissime
1754 2374 1869 2404 curata
1888 2362 1927 2411 ‘f’

93 2413 141 2456 (in
164 2414 378 2447 Comicorum
400 2415 588 2449 Atticorum
611 2417 873 2459 fragmentorum
897 2419 1066 2452 volumine
1088 2420 1125 2459 11,
1154 2421 1361 2453 Philemonis
1385 2420 1550 2463 [nondum
1572 2422 1763 2465 Menandri]
1793 2423 1869 2455 reli·
1888 2405 1961 2431 hock

246 2499 266 2535 ¹)
302 2500 438 2528 Addeuda
465 2503 492 2528 et
519 2502 690 2535 corrigenda,
718 2509 790 2537 quae
818 2503 845 2530 in
874 2503 1000 2531 Mcinekii
1028 2505 1135 2540 Fragm.
1164 2506 1238 2533 Com.
1267 2506 1361 2534 Graec.
1390 2506 1528 2534 volumine
1548 2507 1569 2534 V
1597 2507 1727 2541 (Berolini
1747 2516 1771 2534 a.
1794 2508 1869 2541 1857)
1886 2507 1924 2537 Μ*

91 2542 227 2577 leguntur,
246 2545 312 2570 nota
331 2543 408 2575 ,ΜΨ
427 2544 650 2579 significavimus.
