<?xml version="1.0" encoding="UTF-8"?>
<!DOCTYPE html PUBLIC "-//W3C//DTD XHTML 1.0 Transitional//EN"
    "http://www.w3.org/TR/xhtml1/DTD/xhtml1-transitional.dtd">
<html xmlns="http://www.w3.org/1999/xhtml" xml:lang="en" lang="en">
 <head>
  <title>
</title>
<meta http-equiv="Content-Type" content="text/html;charset=utf-8" />
  <meta name='ocr-system' content='tesseract 3.04.00' />
  <meta name='ocr-capabilities' content='ocr_page ocr_carea ocr_par ocr_line ocrx_word'/>
</head>
<body>
  <div class='ocr_page' id='page_1' title='image "./ueberdieentstehu00benfuoft_0421.png"; bbox 0 0 2138 2748; ppageno 0'>
   <div class='ocr_carea' id='block_1_1' title="bbox 0 2345 40 2748">
    <p class='ocr_par' dir='ltr' id='par_1_1' title="bbox 0 2345 40 2748">
     <span class='ocr_line' id='line_1_1' title="bbox 0 2345 40 2748; baseline 0 0"><span class='ocrx_word' id='word_1_1' title='bbox 0 2345 40 2748; x_wconf 95' lang='lat' dir='ltr'><em> </em></span> 
     </span>
    </p>
   </div>
   <div class='ocr_carea' id='block_1_2' title="bbox 391 543 1584 592">
    <p class='ocr_par' dir='ltr' id='par_1_2' title="bbox 391 543 1584 592">
     <span class='ocr_line' id='line_1_2' title="bbox 391 543 1584 592; baseline 0.004 -5"><span class='ocrx_word' id='word_1_2' title='bbox 391 543 552 588; x_wconf 88' lang='lat' dir='ltr'>ORDO</span> <span class='ocrx_word' id='word_1_3' title='bbox 586 544 1034 589; x_wconf 88' lang='lat' dir='ltr'><strong>THEOLOGORUM</strong></span> <span class='ocrx_word' id='word_1_4' title='bbox 1063 545 1584 592; x_wconf 85' lang='lat' dir='ltr'>EVANGELICORUM.</span> 
     </span>
    </p>
   </div>
   <div class='ocr_carea' id='block_1_3' title="bbox 91 689 1879 1815">
    <p class='ocr_par' dir='ltr' id='par_1_3' title="bbox 95 689 1878 891">
     <span class='ocr_line' id='line_1_3' title="bbox 248 689 1876 729; baseline 0.004 -7"><span class='ocrx_word' id='word_1_5' title='bbox 248 689 537 725; x_wconf 84' lang='lat' dir='ltr'>HERMANNUS</span> <span class='ocrx_word' id='word_1_6' title='bbox 560 691 888 729; x_wconf 85' lang='lat' dir='ltr'>WEINGARTEN,</span> <span class='ocrx_word' id='word_1_7' title='bbox 914 693 971 726; x_wconf 89' lang='lat' dir='ltr'><em>Dr.</em></span> <span class='ocrx_word' id='word_1_8' title='bbox 984 695 1020 726; x_wconf 90' lang='lat' dir='ltr'><em>P.</em></span> <span class='ocrx_word' id='word_1_9' title='bbox 1034 693 1068 726; x_wconf 90' lang='lat' dir='ltr'><em>P.</em></span> <span class='ocrx_word' id='word_1_10' title='bbox 1083 693 1123 726; x_wconf 89' lang='lat' dir='ltr'><em>O.</em></span> <span class='ocrx_word' id='word_1_11' title='bbox 1142 694 1172 727; x_wconf 90' lang='lat' dir='ltr'>h.</span> <span class='ocrx_word' id='word_1_12' title='bbox 1189 699 1211 726; x_wconf 82' lang='lat' dir='ltr'><em>t.</em></span> <span class='ocrx_word' id='word_1_13' title='bbox 1231 694 1312 727; x_wconf 88' lang='lat' dir='ltr'><em>Dec.</em></span> <span class='ocrx_word' id='word_1_14' title='bbox 1358 694 1530 726; x_wconf 83' lang='lat' dir='ltr'><strong>Publice</strong></span> <span class='ocrx_word' id='word_1_15' title='bbox 1554 695 1577 727; x_wconf 89' lang='grc' dir='ltr'><em>Ι.</em></span> <span class='ocrx_word' id='word_1_16' title='bbox 1623 697 1876 729; x_wconf 72' lang='lat' dir='ltr'><em>Exercitationes</em></span> 
     </span>
     <span class='ocr_line' id='line_1_4' title="bbox 95 740 1876 785; baseline 0.004 -13"><span class='ocrx_word' id='word_1_17' title='bbox 95 740 140 773; x_wconf 77' lang='lat' dir='ltr'><em>ad</em></span> <span class='ocrx_word' id='word_1_18' title='bbox 170 740 337 774; x_wconf 65' lang='lat' dir='ltr'><em>historiam</em></span> <span class='ocrx_word' id='word_1_19' title='bbox 370 743 520 775; x_wconf 72' lang='lat' dir='ltr'><em>eccleciae</em></span> <span class='ocrx_word' id='word_1_20' title='bbox 554 745 748 785; x_wconf 69' lang='lat' dir='ltr'><em>pertinentes</em></span> <span class='ocrx_word' id='word_1_21' title='bbox 782 745 816 776; x_wconf 81' lang='lat' dir='ltr'><em>in</em></span> <span class='ocrx_word' id='word_1_22' title='bbox 848 746 1020 777; x_wconf 73' lang='lat' dir='ltr'><em>eeminan&#39;o</em></span> <span class='ocrx_word' id='word_1_23' title='bbox 1054 747 1141 785; x_wconf 78' lang='lat' dir='ltr'><em>reqio</em></span> <span class='ocrx_word' id='word_1_24' title='bbox 1186 746 1415 778; x_wconf 80' lang='lat' dir='ltr'>moderabitur</span> <span class='ocrx_word' id='word_1_25' title='bbox 1447 746 1479 778; x_wconf 87' lang='lat' dir='ltr'>d.</span> <span class='ocrx_word' id='word_1_26' title='bbox 1504 747 1602 779; x_wconf 82' lang='lat' dir='ltr'><em>Mart.</em></span> <span class='ocrx_word' id='word_1_27' title='bbox 1630 746 1663 780; x_wconf 85' lang='lat' dir='ltr'>h.</span> <span class='ocrx_word' id='word_1_28' title='bbox 1694 747 1722 778; x_wconf 90' lang='lat' dir='ltr'>V</span> <span class='ocrx_word' id='word_1_29' title='bbox 1758 752 1790 779; x_wconf 81' lang='lat' dir='ltr'><em>et</em></span> <span class='ocrx_word' id='word_1_30' title='bbox 1820 747 1876 779; x_wconf 90' lang='lat' dir='ltr'><em>VI.</em></span> 
     </span>
     <span class='ocr_line' id='line_1_5' title="bbox 95 790 1878 841; baseline 0.003 -17"><span class='ocrx_word' id='word_1_31' title='bbox 95 790 293 825; x_wconf 62' lang='lat' dir='ltr'><em>Privatim</em></span> <span class='ocrx_word' id='word_1_32' title='bbox 321 792 362 826; x_wconf 91' lang='lat'>11.</span> <span class='ocrx_word' id='word_1_33' title='bbox 410 795 586 827; x_wconf 73' lang='lat' dir='ltr'><strong><em>Historiam</em></strong></span> <span class='ocrx_word' id='word_1_34' title='bbox 608 795 757 827; x_wconf 67' lang='lat' dir='ltr'><em>eccleciae</em></span> <span class='ocrx_word' id='word_1_35' title='bbox 780 796 894 828; x_wconf 71' lang='lat' dir='ltr'><em>veteris</em></span> <span class='ocrx_word' id='word_1_36' title='bbox 917 800 984 828; x_wconf 89' lang='lat' dir='ltr'><em>octo</em></span> <span class='ocrx_word' id='word_1_37' title='bbox 1003 798 1182 838; x_wconf 78' lang='lat' dir='ltr'><em>primorum</em></span> <span class='ocrx_word' id='word_1_38' title='bbox 1210 798 1410 830; x_wconf 73' lang='lat' dir='ltr'><em>saeculorum</em></span> <span class='ocrx_word' id='word_1_39' title='bbox 1440 797 1578 830; x_wconf 79' lang='lat' dir='ltr'><strong>docebit</strong></span> <span class='ocrx_word' id='word_1_40' title='bbox 1607 798 1787 841; x_wconf 77' lang='lat' dir='ltr'>quinquies</span> <span class='ocrx_word' id='word_1_41' title='bbox 1819 810 1878 841; x_wconf 83' lang='lat' dir='ltr'><em>per</em></span> 
     </span>
     <span class='ocr_line' id='line_1_6' title="bbox 95 842 1827 891; baseline 0.004 -16"><span class='ocrx_word' id='word_1_42' title='bbox 95 842 198 876; x_wconf 84' lang='lat' dir='ltr'><em>hebd.</em></span> <span class='ocrx_word' id='word_1_43' title='bbox 221 843 254 876; x_wconf 91' lang='lat' dir='ltr'>h.</span> <span class='ocrx_word' id='word_1_44' title='bbox 278 843 337 877; x_wconf 89' lang='lat' dir='ltr'><em>XI.</em></span> <span class='ocrx_word' id='word_1_45' title='bbox 384 845 440 878; x_wconf 84' lang='lat'><em>111,</em></span> <span class='ocrx_word' id='word_1_46' title='bbox 488 846 688 887; x_wconf 78' lang='lat' dir='ltr'><em>&#39;I&#39;keoloyiam</em></span> <span class='ocrx_word' id='word_1_47' title='bbox 710 847 912 887; x_wconf 72' lang='lat' dir='ltr'><em>symbolicam</em></span> <span class='ocrx_word' id='word_1_48' title='bbox 935 849 1185 889; x_wconf 86' lang='lat' dir='ltr'><em>comparativam</em></span> <span class='ocrx_word' id='word_1_49' title='bbox 1207 848 1319 881; x_wconf 87' lang='lat' dir='ltr'><em>tradet</em></span> <span class='ocrx_word' id='word_1_50' title='bbox 1342 854 1464 891; x_wconf 81' lang='lat' dir='ltr'><strong>quater</strong></span> <span class='ocrx_word' id='word_1_51' title='bbox 1487 859 1547 891; x_wconf 87' lang='lat' dir='ltr'><em>per</em></span> <span class='ocrx_word' id='word_1_52' title='bbox 1570 849 1671 882; x_wconf 79' lang='lat' dir='ltr'><em>hebd.</em></span> <span class='ocrx_word' id='word_1_53' title='bbox 1695 849 1728 882; x_wconf 81' lang='lat' dir='ltr'><em>h.</em></span> <span class='ocrx_word' id='word_1_54' title='bbox 1752 850 1827 882; x_wconf 81' lang='grc' dir='ltr'><strong>ΧΠ.</strong></span> 
     </span>
    </p>

    <p class='ocr_par' dir='ltr' id='par_1_4' title="bbox 95 894 1878 1101">
     <span class='ocr_line' id='line_1_7' title="bbox 250 894 1878 937; baseline 0.003 -9"><span class='ocrx_word' id='word_1_55' title='bbox 250 894 401 928; x_wconf 86' lang='lat' dir='ltr'>IULIUS</span> <span class='ocrx_word' id='word_1_56' title='bbox 435 897 764 930; x_wconf 82' lang='lat' dir='ltr'>FERDINANDUS</span> <span class='ocrx_word' id='word_1_57' title='bbox 787 898 1038 937; x_wconf 82' lang='lat' dir='ltr'>RAEBIGER,</span> <span class='ocrx_word' id='word_1_58' title='bbox 1069 898 1126 930; x_wconf 92' lang='lat' dir='ltr'><em>Dr.</em></span> <span class='ocrx_word' id='word_1_59' title='bbox 1151 899 1186 930; x_wconf 88' lang='grc' dir='ltr'><strong>Ρ.</strong></span> <span class='ocrx_word' id='word_1_60' title='bbox 1209 899 1244 931; x_wconf 89' lang='lat' dir='ltr'><em>P.</em></span> <span class='ocrx_word' id='word_1_61' title='bbox 1271 899 1311 931; x_wconf 91' lang='lat' dir='ltr'><em>O.</em></span> <span class='ocrx_word' id='word_1_62' title='bbox 1367 900 1540 932; x_wconf 77' lang='lat' dir='ltr'><strong>Publice</strong></span> <span class='ocrx_word' id='word_1_63' title='bbox 1562 900 1586 932; x_wconf 98' lang='grc' dir='ltr'><strong>Ι.</strong></span> <span class='ocrx_word' id='word_1_64' title='bbox 1623 901 1878 933; x_wconf 70' lang='grc' dir='ltr'><em>Εωενοίιαιίοηεο</em></span> 
     </span>
     <span class='ocr_line' id='line_1_8' title="bbox 95 945 1877 990; baseline 0.003 -12"><span class='ocrx_word' id='word_1_65' title='bbox 95 946 132 978; x_wconf 78' lang='lat' dir='ltr'><em>in</em></span> <span class='ocrx_word' id='word_1_66' title='bbox 158 945 192 979; x_wconf 87' lang='lat' dir='ltr'><em>V.</em></span> <span class='ocrx_word' id='word_1_67' title='bbox 218 945 252 978; x_wconf 81' lang='lat' dir='ltr'><em>T.</em></span> <span class='ocrx_word' id='word_1_68' title='bbox 279 949 516 990; x_wconf 82' lang='lat' dir='ltr'><em>interpretando</em></span> <span class='ocrx_word' id='word_1_69' title='bbox 550 950 585 981; x_wconf 79' lang='lat' dir='ltr'><em>in</em></span> <span class='ocrx_word' id='word_1_70' title='bbox 613 950 786 981; x_wconf 72' lang='lat' dir='ltr'><em>seminario</em></span> <span class='ocrx_word' id='word_1_71' title='bbox 815 951 903 990; x_wconf 78' lang='lat' dir='ltr'><em>reyio</em></span> <span class='ocrx_word' id='word_1_72' title='bbox 929 949 1159 982; x_wconf 79' lang='lat' dir='ltr'>moderabitur</span> <span class='ocrx_word' id='word_1_73' title='bbox 1186 950 1218 983; x_wconf 89' lang='lat' dir='ltr'>d.</span> <span class='ocrx_word' id='word_1_74' title='bbox 1243 951 1312 982; x_wconf 84' lang='lat' dir='ltr'><em>Sat.</em></span> <span class='ocrx_word' id='word_1_75' title='bbox 1342 951 1375 983; x_wconf 90' lang='lat' dir='ltr'>h.</span> <span class='ocrx_word' id='word_1_76' title='bbox 1398 951 1447 983; x_wconf 89' lang='lat' dir='ltr'>IX</span> <span class='ocrx_word' id='word_1_77' title='bbox 1472 955 1506 983; x_wconf 88' lang='lat' dir='ltr'><em>et</em></span> <span class='ocrx_word' id='word_1_78' title='bbox 1527 951 1571 984; x_wconf 86' lang='lat' dir='ltr'><em>X.</em></span> <span class='ocrx_word' id='word_1_79' title='bbox 1615 951 1807 983; x_wconf 81' lang='lat' dir='ltr'>Privatim</span> <span class='ocrx_word' id='word_1_80' title='bbox 1836 953 1877 984; x_wconf 90' lang='lat'>11.</span> 
     </span>
     <span class='ocr_line' id='line_1_9' title="bbox 96 1000 1877 1047; baseline -0.002 -9"><span class='ocrx_word' id='word_1_81' title='bbox 96 1004 383 1047; x_wconf 72' lang='lat' dir='ltr'><em>Encyclopaediam</em></span> <span class='ocrx_word' id='word_1_82' title='bbox 411 1002 614 1042; x_wconf 69' lang='lat' dir='ltr'><em>theologicam</em></span> <span class='ocrx_word' id='word_1_83' title='bbox 645 1000 783 1032; x_wconf 81' lang='lat' dir='ltr'><em>docebit</em></span> <span class='ocrx_word' id='word_1_84' title='bbox 811 1000 842 1032; x_wconf 92' lang='lat' dir='ltr'>d.</span> <span class='ocrx_word' id='word_1_85' title='bbox 870 1000 954 1034; x_wconf 87' lang='lat' dir='ltr'><em>Lun.</em></span> <span class='ocrx_word' id='word_1_86' title='bbox 988 1001 1086 1034; x_wconf 84' lang='lat' dir='ltr'><em>Mart.</em></span> <span class='ocrx_word' id='word_1_87' title='bbox 1123 1003 1194 1034; x_wconf 86' lang='lat' dir='ltr'><em>Iov.</em></span> <span class='ocrx_word' id='word_1_88' title='bbox 1225 1001 1307 1035; x_wconf 85' lang='lat' dir='ltr'><em>Ven.</em></span> <span class='ocrx_word' id='word_1_89' title='bbox 1341 1002 1372 1035; x_wconf 92' lang='lat' dir='ltr'>h.</span> <span class='ocrx_word' id='word_1_90' title='bbox 1404 1003 1463 1036; x_wconf 87' lang='lat' dir='ltr'>IX.</span> <span class='ocrx_word' id='word_1_91' title='bbox 1508 1002 1564 1036; x_wconf 87' lang='lat'>111.</span> <span class='ocrx_word' id='word_1_92' title='bbox 1612 1003 1752 1036; x_wconf 69' lang='lat' dir='ltr'><em>Geneein</em></span> <span class='ocrx_word' id='word_1_93' title='bbox 1777 1003 1877 1034; x_wconf 82' lang='lat' dir='ltr'><em>inter-</em></span> 
     </span>
     <span class='ocr_line' id='line_1_10' title="bbox 97 1051 815 1101; baseline -0.008 -12"><span class='ocrx_word' id='word_1_94' title='bbox 97 1055 286 1101; x_wconf 74' lang='lat' dir='ltr'><em>pretabitur</em></span> <span class='ocrx_word' id='word_1_95' title='bbox 308 1053 490 1097; x_wconf 69' lang='lat' dir='ltr'><em>quinquiea</em></span> <span class='ocrx_word' id='word_1_96' title='bbox 512 1062 574 1094; x_wconf 89' lang='lat' dir='ltr'><em>per</em></span> <span class='ocrx_word' id='word_1_97' title='bbox 596 1051 698 1085; x_wconf 83' lang='lat' dir='ltr'><em>hebd.</em></span> <span class='ocrx_word' id='word_1_98' title='bbox 721 1051 753 1083; x_wconf 89' lang='lat' dir='ltr'>h.</span> <span class='ocrx_word' id='word_1_99' title='bbox 772 1051 815 1083; x_wconf 90' lang='lat' dir='ltr'><em>X.</em></span> 
     </span>
    </p>

    <p class='ocr_par' dir='ltr' id='par_1_5' title="bbox 91 1102 1878 1407">
     <span class='ocr_line' id='line_1_11' title="bbox 248 1102 1878 1146; baseline -0.001 -7"><span class='ocrx_word' id='word_1_100' title='bbox 248 1103 498 1139; x_wconf 82' lang='lat' dir='ltr'>EDUARDUS</span> <span class='ocrx_word' id='word_1_101' title='bbox 527 1102 695 1140; x_wconf 82' lang='lat' dir='ltr'>MEUSS.</span> <span class='ocrx_word' id='word_1_102' title='bbox 730 1102 787 1134; x_wconf 84' lang='lat' dir='ltr'><em>Dr.</em></span> <span class='ocrx_word' id='word_1_103' title='bbox 817 1102 853 1135; x_wconf 90' lang='lat' dir='ltr'><em>P.</em></span> <span class='ocrx_word' id='word_1_104' title='bbox 882 1103 917 1134; x_wconf 93' lang='lat' dir='ltr'><em>P.</em></span> <span class='ocrx_word' id='word_1_105' title='bbox 949 1102 987 1135; x_wconf 94' lang='grc' dir='ltr'><strong>Ο.</strong></span> <span class='ocrx_word' id='word_1_106' title='bbox 1052 1103 1226 1136; x_wconf 85' lang='lat' dir='ltr'><em>Publice</em></span> <span class='ocrx_word' id='word_1_107' title='bbox 1259 1105 1285 1136; x_wconf 93' lang='lat'><em>1.</em></span> <span class='ocrx_word' id='word_1_108' title='bbox 1329 1105 1584 1137; x_wconf 70' lang='lat' dir='ltr'><em>Eoeercitationes</em></span> <span class='ocrx_word' id='word_1_109' title='bbox 1617 1106 1660 1137; x_wconf 86' lang='lat' dir='ltr'><em>ad</em></span> <span class='ocrx_word' id='word_1_110' title='bbox 1693 1106 1878 1146; x_wconf 73' lang='lat' dir='ltr'><em>theoloyiam</em></span> 
     </span>
     <span class='ocr_line' id='line_1_12' title="bbox 95 1155 1877 1200; baseline -0.002 -8"><span class='ocrx_word' id='word_1_111' title='bbox 95 1159 327 1200; x_wconf 64' lang='lat' dir='ltr'><em>matematicam</em></span> <span class='ocrx_word' id='word_1_112' title='bbox 350 1157 546 1198; x_wconf 68' lang='lat' dir='ltr'><em>pertinentes</em></span> <span class='ocrx_word' id='word_1_113' title='bbox 574 1157 609 1187; x_wconf 83' lang='lat' dir='ltr'><em>in</em></span> <span class='ocrx_word' id='word_1_114' title='bbox 638 1155 811 1187; x_wconf 72' lang='lat' dir='ltr'><em>seminario</em></span> <span class='ocrx_word' id='word_1_115' title='bbox 841 1156 928 1195; x_wconf 76' lang='lat' dir='ltr'><em>reyio</em></span> <span class='ocrx_word' id='word_1_116' title='bbox 965 1155 1194 1187; x_wconf 82' lang='lat' dir='ltr'><em>moderabitur</em></span> <span class='ocrx_word' id='word_1_117' title='bbox 1223 1155 1254 1187; x_wconf 91' lang='lat' dir='ltr'>d.</span> <span class='ocrx_word' id='word_1_118' title='bbox 1280 1156 1363 1189; x_wconf 82' lang='lat' dir='ltr'><em>Lun.</em></span> <span class='ocrx_word' id='word_1_119' title='bbox 1392 1156 1425 1189; x_wconf 90' lang='lat' dir='ltr'>h.</span> <span class='ocrx_word' id='word_1_120' title='bbox 1448 1157 1478 1187; x_wconf 90' lang='lat' dir='ltr'>V</span> <span class='ocrx_word' id='word_1_121' title='bbox 1502 1161 1535 1188; x_wconf 91' lang='lat' dir='ltr'><em>et</em></span> <span class='ocrx_word' id='word_1_122' title='bbox 1561 1156 1616 1189; x_wconf 89' lang='lat' dir='ltr'><em>VI.</em></span> <span class='ocrx_word' id='word_1_123' title='bbox 1662 1156 1701 1188; x_wconf 92' lang='lat'><em>11.</em></span> <span class='ocrx_word' id='word_1_124' title='bbox 1746 1157 1877 1189; x_wconf 75' lang='lat' dir='ltr'><em>Eoeercv&#39;-</em></span> 
     </span>
     <span class='ocr_line' id='line_1_13' title="bbox 97 1207 1877 1249; baseline -0.003 -5"><span class='ocrx_word' id='word_1_125' title='bbox 97 1210 267 1244; x_wconf 72' lang='lat' dir='ltr'><em>tationibua</em></span> <span class='ocrx_word' id='word_1_126' title='bbox 283 1208 478 1241; x_wconf 76' lang='lat' dir='ltr'><em>catecheticis</em></span> <span class='ocrx_word' id='word_1_127' title='bbox 493 1207 528 1238; x_wconf 77' lang='lat' dir='ltr'><em>in</em></span> <span class='ocrx_word' id='word_1_128' title='bbox 543 1207 716 1239; x_wconf 78' lang='lat' dir='ltr'><em>seminario</em></span> <span class='ocrx_word' id='word_1_129' title='bbox 729 1207 869 1247; x_wconf 80' lang='lat' dir='ltr'><em>practico</em></span> <span class='ocrx_word' id='word_1_130' title='bbox 884 1207 1088 1239; x_wconf 63' lang='lat' dir='ltr'><em>instituendis</em></span> <span class='ocrx_word' id='word_1_131' title='bbox 1104 1207 1251 1249; x_wconf 83' lang='lat' dir='ltr'><em>praeerit</em></span> <span class='ocrx_word' id='word_1_132' title='bbox 1264 1207 1295 1239; x_wconf 88' lang='lat' dir='ltr'>d.</span> <span class='ocrx_word' id='word_1_133' title='bbox 1308 1208 1379 1239; x_wconf 91' lang='lat' dir='ltr'><em>Iov.</em></span> <span class='ocrx_word' id='word_1_134' title='bbox 1391 1207 1424 1238; x_wconf 91' lang='lat' dir='ltr'>h.</span> <span class='ocrx_word' id='word_1_135' title='bbox 1439 1207 1483 1238; x_wconf 91' lang='lat' dir='ltr'><em>1V</em></span> <span class='ocrx_word' id='word_1_136' title='bbox 1499 1212 1532 1239; x_wconf 87' lang='lat' dir='ltr'><em>et</em></span> <span class='ocrx_word' id='word_1_137' title='bbox 1544 1207 1586 1240; x_wconf 89' lang='lat' dir='ltr'><em>V.</em></span> <span class='ocrx_word' id='word_1_138' title='bbox 1609 1207 1807 1239; x_wconf 80' lang='lat' dir='ltr'><em>Privatim</em></span> <span class='ocrx_word' id='word_1_139' title='bbox 1819 1207 1877 1239; x_wconf 89' lang='lat'>111.</span> 
     </span>
     <span class='ocr_line' id='line_1_14' title="bbox 99 1256 1877 1302; baseline -0.002 -7"><span class='ocrx_word' id='word_1_140' title='bbox 99 1262 286 1302; x_wconf 66' lang='lat' dir='ltr'><em>Cl&#39;heoloyiae</em></span> <span class='ocrx_word' id='word_1_141' title='bbox 314 1259 510 1300; x_wconf 66' lang='lat' dir='ltr'><em>dogmaticae</em></span> <span class='ocrx_word' id='word_1_142' title='bbox 534 1261 660 1299; x_wconf 87' lang='lat' dir='ltr'><em>partem</em></span> <span class='ocrx_word' id='word_1_143' title='bbox 681 1258 822 1298; x_wconf 79' lang='lat' dir='ltr'><em>primam</em></span> <span class='ocrx_word' id='word_1_144' title='bbox 852 1256 990 1289; x_wconf 80' lang='lat' dir='ltr'><em>docebit</em></span> <span class='ocrx_word' id='word_1_145' title='bbox 1019 1257 1052 1290; x_wconf 90' lang='lat' dir='ltr'>d.</span> <span class='ocrx_word' id='word_1_146' title='bbox 1079 1258 1163 1291; x_wconf 88' lang='lat' dir='ltr'><em>Lun.</em></span> <span class='ocrx_word' id='word_1_147' title='bbox 1192 1258 1290 1290; x_wconf 83' lang='lat' dir='ltr'><em>Mart.</em></span> <span class='ocrx_word' id='word_1_148' title='bbox 1321 1259 1394 1291; x_wconf 90' lang='lat' dir='ltr'><em>Iov.</em></span> <span class='ocrx_word' id='word_1_149' title='bbox 1418 1258 1502 1291; x_wconf 81' lang='lat' dir='ltr'><em>Ven.</em></span> <span class='ocrx_word' id='word_1_150' title='bbox 1533 1259 1602 1291; x_wconf 87' lang='lat' dir='ltr'><em>Sat.</em></span> <span class='ocrx_word' id='word_1_151' title='bbox 1632 1258 1665 1292; x_wconf 91' lang='lat' dir='ltr'>h.</span> <span class='ocrx_word' id='word_1_152' title='bbox 1694 1258 1768 1291; x_wconf 91' lang='lat' dir='ltr'>XII.</span> <span class='ocrx_word' id='word_1_153' title='bbox 1819 1258 1877 1291; x_wconf 94' lang='lat' dir='ltr'><em>IV.</em></span> 
     </span>
     <span class='ocr_line' id='line_1_15' title="bbox 98 1309 1877 1353; baseline -0.002 -8"><span class='ocrx_word' id='word_1_154' title='bbox 98 1313 285 1353; x_wconf 72' lang='lat' dir='ltr'><em>Theoloyiae</em></span> <span class='ocrx_word' id='word_1_155' title='bbox 314 1311 478 1353; x_wconf 77' lang='lat' dir='ltr'><em>practicae</em></span> <span class='ocrx_word' id='word_1_156' title='bbox 505 1313 632 1351; x_wconf 85' lang='lat' dir='ltr'><em>partem</em></span> <span class='ocrx_word' id='word_1_157' title='bbox 665 1309 797 1341; x_wconf 85' lang='lat' dir='ltr'><em>alteram</em></span> <span class='ocrx_word' id='word_1_158' title='bbox 830 1313 925 1350; x_wconf 77' lang='lat' dir='ltr'><em>(quae</em></span> <span class='ocrx_word' id='word_1_159' title='bbox 952 1313 998 1341; x_wconf 72' lang='lat' dir='ltr'><em>eat</em></span> <span class='ocrx_word' id='word_1_160' title='bbox 1026 1310 1065 1342; x_wconf 87' lang='lat' dir='ltr'><em>de</em></span> <span class='ocrx_word' id='word_1_161' title='bbox 1088 1320 1165 1342; x_wconf 73' lang='lat' dir='ltr'><em>cura</em></span> <span class='ocrx_word' id='word_1_162' title='bbox 1188 1311 1385 1351; x_wconf 80' lang='lat' dir='ltr'><em>animarum,</em></span> <span class='ocrx_word' id='word_1_163' title='bbox 1421 1311 1459 1342; x_wconf 86' lang='lat' dir='ltr'><em>de</em></span> <span class='ocrx_word' id='word_1_164' title='bbox 1481 1311 1606 1343; x_wconf 82' lang='lat' dir='ltr'><em>ratione</em></span> <span class='ocrx_word' id='word_1_165' title='bbox 1628 1310 1784 1351; x_wconf 76' lang='lat' dir='ltr'><em>eoanyeb&#39;i</em></span> <span class='ocrx_word' id='word_1_166' title='bbox 1801 1320 1877 1352; x_wconf 79' lang='lat' dir='ltr'><em>pro-</em></span> 
     </span>
     <span class='ocr_line' id='line_1_16' title="bbox 91 1359 1594 1407; baseline -0.003 -10"><span class='ocrx_word' id='word_1_167' title='bbox 91 1364 250 1407; x_wconf 66' lang='lat' dir='ltr'><em>pagandi,</em></span> <span class='ocrx_word' id='word_1_168' title='bbox 273 1363 311 1395; x_wconf 84' lang='lat' dir='ltr'><em>de</em></span> <span class='ocrx_word' id='word_1_169' title='bbox 333 1362 485 1403; x_wconf 63' lang='lat' dir='ltr'><em>regimine</em></span> <span class='ocrx_word' id='word_1_170' title='bbox 508 1361 734 1397; x_wconf 72' lang='lat' dir='ltr'><em>ecclesiastico)</em></span> <span class='ocrx_word' id='word_1_171' title='bbox 758 1359 870 1391; x_wconf 84' lang='lat' dir='ltr'><em>tradet</em></span> <span class='ocrx_word' id='word_1_172' title='bbox 893 1359 925 1392; x_wconf 93' lang='lat' dir='ltr'>d.</span> <span class='ocrx_word' id='word_1_173' title='bbox 949 1360 1032 1394; x_wconf 90' lang='lat' dir='ltr'><em>Lun.</em></span> <span class='ocrx_word' id='word_1_174' title='bbox 1057 1361 1155 1393; x_wconf 87' lang='lat' dir='ltr'><em>Mart.</em></span> <span class='ocrx_word' id='word_1_175' title='bbox 1179 1361 1250 1393; x_wconf 90' lang='lat' dir='ltr'><em>Iov.</em></span> <span class='ocrx_word' id='word_1_176' title='bbox 1275 1361 1359 1394; x_wconf 83' lang='lat' dir='ltr'><em>Ven.</em></span> <span class='ocrx_word' id='word_1_177' title='bbox 1383 1362 1454 1394; x_wconf 86' lang='lat' dir='ltr'><em>Sat.</em></span> <span class='ocrx_word' id='word_1_178' title='bbox 1479 1361 1510 1393; x_wconf 83' lang='lat' dir='ltr'>h.</span> <span class='ocrx_word' id='word_1_179' title='bbox 1536 1361 1594 1393; x_wconf 87' lang='lat' dir='ltr'>Xl.</span> 
     </span>
    </p>

    <p class='ocr_par' dir='ltr' id='par_1_6' title="bbox 94 1410 1879 1653">
     <span class='ocr_line' id='line_1_17' title="bbox 248 1410 1877 1447; baseline -0.001 -1"><span class='ocrx_word' id='word_1_180' title='bbox 248 1411 482 1446; x_wconf 73' lang='lat' dir='ltr'>GEORGIUS</span> <span class='ocrx_word' id='word_1_181' title='bbox 512 1410 773 1444; x_wconf 89' lang='lat' dir='ltr'>LUDOVICUS</span> <span class='ocrx_word' id='word_1_182' title='bbox 810 1411 956 1447; x_wconf 79' lang='lat' dir='ltr'>HAHN,</span> <span class='ocrx_word' id='word_1_183' title='bbox 992 1411 1049 1443; x_wconf 88' lang='lat' dir='ltr'><em>Dr.</em></span> <span class='ocrx_word' id='word_1_184' title='bbox 1074 1412 1109 1444; x_wconf 89' lang='lat' dir='ltr'><em>P.</em></span> <span class='ocrx_word' id='word_1_185' title='bbox 1134 1412 1168 1443; x_wconf 89' lang='lat' dir='ltr'><em>P.</em></span> <span class='ocrx_word' id='word_1_186' title='bbox 1194 1411 1236 1445; x_wconf 90' lang='lat' dir='ltr'><em>O.</em></span> <span class='ocrx_word' id='word_1_187' title='bbox 1280 1412 1456 1444; x_wconf 86' lang='lat' dir='ltr'><em>Publice</em></span> <span class='ocrx_word' id='word_1_188' title='bbox 1485 1413 1508 1444; x_wconf 93' lang='grc' dir='ltr'><strong>Ι.</strong></span> <span class='ocrx_word' id='word_1_189' title='bbox 1556 1414 1812 1445; x_wconf 70' lang='lat' dir='ltr'><em>Exercitationes</em></span> <span class='ocrx_word' id='word_1_190' title='bbox 1835 1414 1877 1445; x_wconf 83' lang='lat' dir='ltr'><em>ad</em></span> 
     </span>
     <span class='ocr_line' id='line_1_18' title="bbox 94 1463 1877 1509; baseline -0.002 -9"><span class='ocrx_word' id='word_1_191' title='bbox 94 1466 383 1509; x_wconf 72' lang='lat' dir='ltr'><em>interpretationem</em></span> <span class='ocrx_word' id='word_1_192' title='bbox 405 1465 446 1496; x_wconf 88' lang='grc' dir='ltr'><strong>Ν.</strong></span> <span class='ocrx_word' id='word_1_193' title='bbox 472 1464 505 1495; x_wconf 90' lang='grc' dir='ltr'><strong>Τ.</strong></span> <span class='ocrx_word' id='word_1_194' title='bbox 536 1464 731 1504; x_wconf 74' lang='lat' dir='ltr'><em>pertinentes</em></span> <span class='ocrx_word' id='word_1_195' title='bbox 764 1464 799 1495; x_wconf 83' lang='lat' dir='ltr'><em>in</em></span> <span class='ocrx_word' id='word_1_196' title='bbox 832 1464 1004 1495; x_wconf 82' lang='lat' dir='ltr'><em>seminario</em></span> <span class='ocrx_word' id='word_1_197' title='bbox 1037 1465 1125 1504; x_wconf 74' lang='lat' dir='ltr'><em>reyio</em></span> <span class='ocrx_word' id='word_1_198' title='bbox 1159 1463 1390 1495; x_wconf 78' lang='lat' dir='ltr'><em>moderabitur</em></span> <span class='ocrx_word' id='word_1_199' title='bbox 1423 1463 1455 1496; x_wconf 93' lang='lat' dir='ltr'>d.</span> <span class='ocrx_word' id='word_1_200' title='bbox 1490 1464 1593 1496; x_wconf 76' lang='lat' dir='ltr'><em>Mero.</em></span> <span class='ocrx_word' id='word_1_201' title='bbox 1629 1463 1662 1497; x_wconf 87' lang='lat' dir='ltr'>h.</span> <span class='ocrx_word' id='word_1_202' title='bbox 1693 1463 1722 1494; x_wconf 92' lang='lat' dir='ltr'>V</span> <span class='ocrx_word' id='word_1_203' title='bbox 1757 1469 1790 1495; x_wconf 82' lang='lat' dir='ltr'><em>et</em></span> <span class='ocrx_word' id='word_1_204' title='bbox 1818 1463 1877 1496; x_wconf 89' lang='lat' dir='ltr'><em>Vl.</em></span> 
     </span>
     <span class='ocr_line' id='line_1_19' title="bbox 95 1514 1879 1556; baseline -0.002 -5"><span class='ocrx_word' id='word_1_205' title='bbox 95 1518 137 1551; x_wconf 88' lang='lat' dir='ltr'>H.</span> <span class='ocrx_word' id='word_1_206' title='bbox 171 1517 359 1550; x_wconf 82' lang='lat' dir='ltr'><em>Doctrinam</em></span> <span class='ocrx_word' id='word_1_207' title='bbox 374 1515 482 1548; x_wconf 81' lang='lat' dir='ltr'><em>Iacobi</em></span> <span class='ocrx_word' id='word_1_208' title='bbox 505 1518 533 1546; x_wconf 90' lang='lat' dir='ltr'><em>et</em></span> <span class='ocrx_word' id='word_1_209' title='bbox 547 1515 636 1547; x_wconf 78' lang='lat' dir='ltr'><em>Petri</em></span> <span class='ocrx_word' id='word_1_210' title='bbox 658 1518 807 1556; x_wconf 76' lang='lat' dir='ltr'><em>exponet</em></span> <span class='ocrx_word' id='word_1_211' title='bbox 830 1514 862 1547; x_wconf 86' lang='lat' dir='ltr'>d.</span> <span class='ocrx_word' id='word_1_212' title='bbox 879 1514 950 1546; x_wconf 85' lang='lat' dir='ltr'><em>Sat.</em></span> <span class='ocrx_word' id='word_1_213' title='bbox 966 1514 999 1546; x_wconf 89' lang='lat' dir='ltr'>h.</span> <span class='ocrx_word' id='word_1_214' title='bbox 1017 1514 1097 1547; x_wconf 92' lang='lat' dir='ltr'>VIII</span> <span class='ocrx_word' id='word_1_215' title='bbox 1113 1520 1145 1546; x_wconf 87' lang='lat' dir='ltr'><em>et</em></span> <span class='ocrx_word' id='word_1_216' title='bbox 1160 1515 1219 1547; x_wconf 88' lang='lat' dir='ltr'>IX.</span> <span class='ocrx_word' id='word_1_217' title='bbox 1258 1515 1455 1546; x_wconf 81' lang='lat' dir='ltr'><em>Privatim</em></span> <span class='ocrx_word' id='word_1_218' title='bbox 1480 1515 1536 1547; x_wconf 93' lang='lat' dir='ltr'><em>Ill.</em></span> <span class='ocrx_word' id='word_1_219' title='bbox 1578 1516 1777 1555; x_wconf 76' lang='lat' dir='ltr'><em>Theoloqiam</em></span> <span class='ocrx_word' id='word_1_220' title='bbox 1793 1515 1879 1547; x_wconf 82' lang='lat' dir='ltr'><em>Novi</em></span> 
     </span>
     <span class='ocr_line' id='line_1_20' title="bbox 97 1564 1878 1608; baseline -0.003 -5"><span class='ocrx_word' id='word_1_221' title='bbox 97 1569 287 1602; x_wconf 69' lang='lat' dir='ltr'><em>Testamenti</em></span> <span class='ocrx_word' id='word_1_222' title='bbox 310 1566 447 1599; x_wconf 84' lang='lat' dir='ltr'><em>docebit</em></span> <span class='ocrx_word' id='word_1_223' title='bbox 464 1565 645 1608; x_wconf 83' lang='lat' dir='ltr'><em>quinquies</em></span> <span class='ocrx_word' id='word_1_224' title='bbox 661 1565 694 1598; x_wconf 93' lang='lat' dir='ltr'>h.</span> <span class='ocrx_word' id='word_1_225' title='bbox 713 1564 801 1598; x_wconf 93' lang='lat' dir='ltr'>VIII.</span> <span class='ocrx_word' id='word_1_226' title='bbox 836 1565 894 1598; x_wconf 89' lang='lat' dir='ltr'>1V.</span> <span class='ocrx_word' id='word_1_227' title='bbox 921 1567 1099 1607; x_wconf 71' lang='lat' dir='ltr'><em>Epistulam</em></span> <span class='ocrx_word' id='word_1_228' title='bbox 1116 1567 1211 1598; x_wconf 68' lang='lat' dir='ltr'><em>Pauli</em></span> <span class='ocrx_word' id='word_1_229' title='bbox 1231 1567 1274 1598; x_wconf 86' lang='lat' dir='ltr'><em>ad</em></span> <span class='ocrx_word' id='word_1_230' title='bbox 1288 1567 1450 1599; x_wconf 69' lang='lat' dir='ltr'><em>Romanos</em></span> <span class='ocrx_word' id='word_1_231' title='bbox 1473 1567 1580 1598; x_wconf 88' lang='lat' dir='ltr'><em>datam</em></span> <span class='ocrx_word' id='word_1_232' title='bbox 1603 1566 1878 1608; x_wconf 76' lang='lat' dir='ltr'><em>interpretabitur</em></span> 
     </span>
     <span class='ocr_line' id='line_1_21' title="bbox 118 1617 414 1653; baseline -0.01 0"><span class='ocrx_word' id='word_1_233' title='bbox 118 1620 175 1653; x_wconf 88' lang='lat' dir='ltr'><em>uin</em></span> <span class='ocrx_word' id='word_1_234' title='bbox 202 1620 276 1652; x_wconf 83' lang='lat' dir='ltr'><em>uies</em></span> <span class='ocrx_word' id='word_1_235' title='bbox 299 1619 332 1650; x_wconf 91' lang='lat' dir='ltr'>h.</span> <span class='ocrx_word' id='word_1_236' title='bbox 354 1617 414 1650; x_wconf 93' lang='lat' dir='ltr'>IX.</span> 
     </span>
    </p>

    <p class='ocr_par' dir='ltr' id='par_1_7' title="bbox 94 1631 1878 1815">
     <span class='ocr_line' id='line_1_22' title="bbox 96 1631 1876 1709; baseline -0.001 -6"><span class='ocrx_word' id='word_1_237' title='bbox 96 1632 118 1664; x_wconf 78' lang='lat' dir='ltr'>q</span> <span class='ocrx_word' id='word_1_238' title='bbox 179 1631 201 1664; x_wconf 75' lang='lat' dir='ltr'><strong>q</strong></span> <span class='ocrx_word' id='word_1_239' title='bbox 247 1668 634 1703; x_wconf 86' lang='lat' dir='ltr'>CHRISTOPHORUS</span> <span class='ocrx_word' id='word_1_240' title='bbox 659 1667 948 1701; x_wconf 81' lang='lat' dir='ltr'><strong>HERMANNUS</strong></span> <span class='ocrx_word' id='word_1_241' title='bbox 974 1668 1191 1709; x_wconf 80' lang='lat' dir='ltr'>SCHMIDT,</span> <span class='ocrx_word' id='word_1_242' title='bbox 1216 1668 1272 1700; x_wconf 89' lang='lat' dir='ltr'><em>Dr.</em></span> <span class='ocrx_word' id='word_1_243' title='bbox 1298 1669 1332 1700; x_wconf 93' lang='lat' dir='ltr'>P.</span> <span class='ocrx_word' id='word_1_244' title='bbox 1349 1668 1384 1700; x_wconf 94' lang='grc' dir='ltr'><strong>Ρ.</strong></span> <span class='ocrx_word' id='word_1_245' title='bbox 1411 1668 1451 1701; x_wconf 95' lang='grc' dir='ltr'><strong>Ο.</strong></span> <span class='ocrx_word' id='word_1_246' title='bbox 1490 1668 1660 1700; x_wconf 87' lang='lat' dir='ltr'><em>Publice</em></span> <span class='ocrx_word' id='word_1_247' title='bbox 1685 1668 1707 1700; x_wconf 96' lang='lat' dir='ltr'>l.</span> <span class='ocrx_word' id='word_1_248' title='bbox 1746 1670 1876 1701; x_wconf 70' lang='lat' dir='ltr'><em>Exerci-</em></span> 
     </span>
     <span class='ocr_line' id='line_1_23' title="bbox 94 1719 1877 1761; baseline -0.002 -5"><span class='ocrx_word' id='word_1_249' title='bbox 94 1724 229 1756; x_wconf 66' lang='lat' dir='ltr'><em>tationes</em></span> <span class='ocrx_word' id='word_1_250' title='bbox 253 1722 448 1754; x_wconf 68' lang='lat' dir='ltr'><em>homileticas</em></span> <span class='ocrx_word' id='word_1_251' title='bbox 470 1722 505 1754; x_wconf 74' lang='lat' dir='ltr'><em>in</em></span> <span class='ocrx_word' id='word_1_252' title='bbox 520 1721 693 1752; x_wconf 76' lang='lat' dir='ltr'><em>seminario</em></span> <span class='ocrx_word' id='word_1_253' title='bbox 709 1721 796 1760; x_wconf 78' lang='lat' dir='ltr'><em>reyio</em></span> <span class='ocrx_word' id='word_1_254' title='bbox 808 1721 952 1761; x_wconf 84' lang='lat' dir='ltr'><em>practico</em></span> <span class='ocrx_word' id='word_1_255' title='bbox 974 1719 1204 1751; x_wconf 77' lang='lat' dir='ltr'><em>moderabitur</em></span> <span class='ocrx_word' id='word_1_256' title='bbox 1228 1720 1260 1752; x_wconf 90' lang='lat' dir='ltr'>d.</span> <span class='ocrx_word' id='word_1_257' title='bbox 1276 1720 1359 1752; x_wconf 88' lang='lat' dir='ltr'><em>Lun.</em></span> <span class='ocrx_word' id='word_1_258' title='bbox 1378 1720 1408 1751; x_wconf 84' lang='lat' dir='ltr'>h.</span> <span class='ocrx_word' id='word_1_259' title='bbox 1426 1720 1470 1752; x_wconf 89' lang='lat' dir='ltr'><em>Ill</em></span> <span class='ocrx_word' id='word_1_260' title='bbox 1489 1725 1522 1752; x_wconf 86' lang='lat' dir='ltr'><em>et</em></span> <span class='ocrx_word' id='word_1_261' title='bbox 1538 1720 1594 1752; x_wconf 92' lang='lat' dir='ltr'><em>IV.</em></span> <span class='ocrx_word' id='word_1_262' title='bbox 1620 1720 1815 1751; x_wconf 80' lang='lat' dir='ltr'><em>Privatim</em></span> <span class='ocrx_word' id='word_1_263' title='bbox 1837 1719 1877 1752; x_wconf 89' lang='lat' dir='ltr'><em>ll.</em></span> 
     </span>
     <span class='ocr_line' id='line_1_24' title="bbox 95 1770 1878 1815; baseline -0.003 -7"><span class='ocrx_word' id='word_1_264' title='bbox 95 1774 304 1815; x_wconf 65' lang='lat' dir='ltr'><em>Evangelinm</em></span> <span class='ocrx_word' id='word_1_265' title='bbox 331 1773 484 1805; x_wconf 78' lang='lat' dir='ltr'><em>Matthaei</em></span> <span class='ocrx_word' id='word_1_266' title='bbox 515 1771 791 1813; x_wconf 81' lang='lat' dir='ltr'><em>interpretabitur</em></span> <span class='ocrx_word' id='word_1_267' title='bbox 825 1771 1006 1813; x_wconf 81' lang='lat' dir='ltr'><em>quinquies</em></span> <span class='ocrx_word' id='word_1_268' title='bbox 1039 1771 1072 1803; x_wconf 92' lang='lat' dir='ltr'>h.</span> <span class='ocrx_word' id='word_1_269' title='bbox 1102 1771 1192 1804; x_wconf 89' lang='lat' dir='ltr'>VIII.</span> <span class='ocrx_word' id='word_1_270' title='bbox 1242 1772 1299 1803; x_wconf 90' lang='lat' dir='ltr'>III.</span> <span class='ocrx_word' id='word_1_271' title='bbox 1347 1772 1546 1812; x_wconf 75' lang='lat' dir='ltr'><em>Theoloyiam</em></span> <span class='ocrx_word' id='word_1_272' title='bbox 1575 1772 1705 1803; x_wconf 80' lang='lat' dir='ltr'><em>ethicam</em></span> <span class='ocrx_word' id='word_1_273' title='bbox 1740 1770 1878 1802; x_wconf 82' lang='lat' dir='ltr'><em>docebit</em></span> 
     </span>
    </p>
   </div>
   <div class='ocr_carea' id='block_1_4' title="bbox 95 1823 1877 1915">
    <p class='ocr_par' dir='ltr' id='par_1_8' title="bbox 95 1823 1877 1915">
     <span class='ocr_line' id='line_1_25' title="bbox 95 1823 1877 1915; baseline 0.008 -12"><span class='ocrx_word' id='word_1_274' title='bbox 95 1835 206 1858; x_wconf 48' lang='grc' dir='ltr'><em>’ωδε</em></span> <span class='ocrx_word' id='word_1_275' title='bbox 229 1823 553 1909; x_wconf 47' lang='grc' dir='ltr'><em>ὴόῑῐῐῖὶΞΤΙΑΝυε</em></span> <span class='ocrx_word' id='word_1_276' title='bbox 577 1873 848 1906; x_wconf 80' lang='lat' dir='ltr'>FRIDERICUS</span> <span class='ocrx_word' id='word_1_277' title='bbox 873 1873 1017 1906; x_wconf 83' lang='lat' dir='ltr'><em>DAvn)</em></span> <span class='ocrx_word' id='word_1_278' title='bbox 1041 1873 1286 1913; x_wconf 79' lang='lat' dir='ltr'>ERDMANN,</span> <span class='ocrx_word' id='word_1_279' title='bbox 1322 1874 1378 1906; x_wconf 82' lang='lat' dir='ltr'><em>nr.</em></span> <span class='ocrx_word' id='word_1_280' title='bbox 1408 1874 1444 1906; x_wconf 79' lang='grc' dir='ltr'><strong>Ρ.</strong></span> <span class='ocrx_word' id='word_1_281' title='bbox 1467 1874 1503 1906; x_wconf 86' lang='grc' dir='ltr'><strong>Ρ.</strong></span> <span class='ocrx_word' id='word_1_282' title='bbox 1528 1873 1568 1906; x_wconf 92' lang='grc' dir='ltr'><strong>Ο.</strong></span> <span class='ocrx_word' id='word_1_283' title='bbox 1593 1874 1671 1905; x_wconf 83' lang='lat' dir='ltr'><em>hon·</em></span> <span class='ocrx_word' id='word_1_284' title='bbox 1723 1873 1877 1915; x_wconf 64' lang='lat' dir='ltr'><em>Negotiis</em></span> 
     </span>
    </p>
   </div>
   <div class='ocr_carea' id='block_1_5' title="bbox 93 1924 1878 2376">
    <p class='ocr_par' dir='ltr' id='par_1_9' title="bbox 97 1924 1000 1968">
     <span class='ocr_line' id='line_1_26' title="bbox 97 1924 1000 1968; baseline -0.004 -7"><span class='ocrx_word' id='word_1_285' title='bbox 97 1928 336 1962; x_wconf 83' lang='lat' dir='ltr'><em>ecclesiasticis</em></span> <span class='ocrx_word' id='word_1_286' title='bbox 361 1931 550 1968; x_wconf 81' lang='lat' dir='ltr'><em>occupatus</em></span> <span class='ocrx_word' id='word_1_287' title='bbox 573 1925 738 1957; x_wconf 81' lang='lat' dir='ltr'><em>lectiones</em></span> <span class='ocrx_word' id='word_1_288' title='bbox 760 1935 828 1956; x_wconf 88' lang='lat' dir='ltr'><em>non</em></span> <span class='ocrx_word' id='word_1_289' title='bbox 852 1924 1000 1957; x_wconf 83' lang='lat' dir='ltr'><em>habebit.</em></span> 
     </span>
    </p>

    <p class='ocr_par' dir='ltr' id='par_1_10' title="bbox 93 1975 1877 2124">
     <span class='ocr_line' id='line_1_27' title="bbox 242 1975 1877 2017; baseline -0.003 -6"><span class='ocrx_word' id='word_1_290' title='bbox 242 1977 484 2011; x_wconf 79' lang='lat' dir='ltr'>ERNESTUS</span> <span class='ocrx_word' id='word_1_291' title='bbox 508 1977 676 2013; x_wconf 78' lang='lat' dir='ltr'>KUEHL,</span> <span class='ocrx_word' id='word_1_292' title='bbox 701 1976 822 2008; x_wconf 79' lang='lat' dir='ltr'><em>Theoi.</em></span> <span class='ocrx_word' id='word_1_293' title='bbox 846 1976 913 2009; x_wconf 86' lang='lat' dir='ltr'><em>Lic.</em></span> <span class='ocrx_word' id='word_1_294' title='bbox 934 1976 1021 2009; x_wconf 83' lang='lat' dir='ltr'>Phil.</span> <span class='ocrx_word' id='word_1_295' title='bbox 1043 1976 1099 2009; x_wconf 91' lang='lat' dir='ltr'><em>Dr.</em></span> <span class='ocrx_word' id='word_1_296' title='bbox 1119 1977 1152 2008; x_wconf 91' lang='lat' dir='ltr'>P.</span> <span class='ocrx_word' id='word_1_297' title='bbox 1173 1977 1208 2009; x_wconf 87' lang='lat' dir='ltr'>P.</span> <span class='ocrx_word' id='word_1_298' title='bbox 1228 1977 1266 2009; x_wconf 83' lang='grc' dir='ltr'><strong>Ε.</strong></span> <span class='ocrx_word' id='word_1_299' title='bbox 1313 1976 1486 2008; x_wconf 84' lang='lat' dir='ltr'><em>Publice</em></span> <span class='ocrx_word' id='word_1_300' title='bbox 1518 1977 1541 2009; x_wconf 88' lang='lat' dir='ltr'>l.</span> <span class='ocrx_word' id='word_1_301' title='bbox 1579 1976 1758 2017; x_wconf 75' lang='lat' dir='ltr'><em>Epistulam</em></span> <span class='ocrx_word' id='word_1_302' title='bbox 1782 1975 1877 2007; x_wconf 78' lang='lat' dir='ltr'><em>Pauli</em></span> 
     </span>
     <span class='ocr_line' id='line_1_28' title="bbox 95 2027 1875 2071; baseline -0.003 -7"><span class='ocrx_word' id='word_1_303' title='bbox 95 2032 138 2064; x_wconf 84' lang='lat' dir='ltr'><em>ad</em></span> <span class='ocrx_word' id='word_1_304' title='bbox 155 2030 288 2063; x_wconf 76' lang='lat' dir='ltr'><em>Galatas</em></span> <span class='ocrx_word' id='word_1_305' title='bbox 310 2028 418 2062; x_wconf 78' lang='lat' dir='ltr'><em>datam</em></span> <span class='ocrx_word' id='word_1_306' title='bbox 440 2027 716 2071; x_wconf 86' lang='lat' dir='ltr'><em>interpretabitur</em></span> <span class='ocrx_word' id='word_1_307' title='bbox 743 2027 775 2060; x_wconf 90' lang='lat' dir='ltr'>d.</span> <span class='ocrx_word' id='word_1_308' title='bbox 802 2027 905 2060; x_wconf 76' lang='lat' dir='ltr'><em>Mero.</em></span> <span class='ocrx_word' id='word_1_309' title='bbox 934 2027 966 2060; x_wconf 87' lang='lat' dir='ltr'>h.</span> <span class='ocrx_word' id='word_1_310' title='bbox 994 2027 1059 2060; x_wconf 92' lang='lat' dir='ltr'><em>XlI</em></span> <span class='ocrx_word' id='word_1_311' title='bbox 1085 2031 1118 2060; x_wconf 85' lang='lat' dir='ltr'><em>et</em></span> <span class='ocrx_word' id='word_1_312' title='bbox 1145 2027 1176 2060; x_wconf 89' lang='lat' dir='ltr'>d.</span> <span class='ocrx_word' id='word_1_313' title='bbox 1205 2028 1274 2061; x_wconf 83' lang='lat' dir='ltr'><em>Sat.</em></span> <span class='ocrx_word' id='word_1_314' title='bbox 1302 2027 1334 2059; x_wconf 87' lang='lat' dir='ltr'><em>h.</em></span> <span class='ocrx_word' id='word_1_315' title='bbox 1363 2028 1401 2060; x_wconf 87' lang='lat' dir='ltr'><em>X.</em></span> <span class='ocrx_word' id='word_1_316' title='bbox 1452 2027 1648 2060; x_wconf 85' lang='lat' dir='ltr'><em>Privatim</em></span> <span class='ocrx_word' id='word_1_317' title='bbox 1673 2027 1712 2059; x_wconf 91' lang='lat' dir='ltr'><em>Il.</em></span> <span class='ocrx_word' id='word_1_318' title='bbox 1751 2027 1875 2058; x_wconf 68' lang='lat' dir='ltr'><em>lemine</em></span> 
     </span>
     <span class='ocr_line' id='line_1_29' title="bbox 93 2078 1078 2124; baseline -0.003 -9"><span class='ocrx_word' id='word_1_319' title='bbox 93 2083 245 2115; x_wconf 75' lang='lat' dir='ltr'><em>vaticinia</em></span> <span class='ocrx_word' id='word_1_320' title='bbox 267 2081 542 2124; x_wconf 85' lang='lat' dir='ltr'><em>interpretabitur</em></span> <span class='ocrx_word' id='word_1_321' title='bbox 566 2080 747 2123; x_wconf 82' lang='lat' dir='ltr'><em>quinquies</em></span> <span class='ocrx_word' id='word_1_322' title='bbox 770 2090 831 2121; x_wconf 86' lang='lat' dir='ltr'><em>per</em></span> <span class='ocrx_word' id='word_1_323' title='bbox 854 2078 955 2112; x_wconf 81' lang='lat' dir='ltr'><em>hebd.</em></span> <span class='ocrx_word' id='word_1_324' title='bbox 979 2079 1010 2112; x_wconf 82' lang='lat' dir='ltr'>h.</span> <span class='ocrx_word' id='word_1_325' title='bbox 1035 2079 1078 2112; x_wconf 86' lang='lat' dir='ltr'><em>X.</em></span> 
     </span>
    </p>

    <p class='ocr_par' dir='ltr' id='par_1_11' title="bbox 94 2129 1878 2320">
     <span class='ocr_line' id='line_1_30' title="bbox 246 2129 1878 2169; baseline -0.002 -4"><span class='ocrx_word' id='word_1_326' title='bbox 246 2131 495 2165; x_wconf 81' lang='lat' dir='ltr'>EDUARDUS</span> <span class='ocrx_word' id='word_1_327' title='bbox 526 2130 729 2167; x_wconf 78' lang='lat' dir='ltr'>BRATKE.</span> <span class='ocrx_word' id='word_1_328' title='bbox 767 2129 890 2162; x_wconf 82' lang='lat' dir='ltr'><em>Theol.</em></span> <span class='ocrx_word' id='word_1_329' title='bbox 924 2130 993 2162; x_wconf 87' lang='lat' dir='ltr'><em>Lic.</em></span> <span class='ocrx_word' id='word_1_330' title='bbox 1028 2129 1112 2163; x_wconf 89' lang='lat' dir='ltr'><em>Phil.</em></span> <span class='ocrx_word' id='word_1_331' title='bbox 1147 2130 1205 2162; x_wconf 90' lang='lat' dir='ltr'><em>Dr.</em></span> <span class='ocrx_word' id='word_1_332' title='bbox 1261 2130 1402 2162; x_wconf 84' lang='lat' dir='ltr'><em>Gratis</em></span> <span class='ocrx_word' id='word_1_333' title='bbox 1424 2131 1448 2162; x_wconf 89' lang='lat'><em>1.</em></span> <span class='ocrx_word' id='word_1_334' title='bbox 1495 2131 1671 2162; x_wconf 79' lang='lat' dir='ltr'><em>Historiam</em></span> <span class='ocrx_word' id='word_1_335' title='bbox 1698 2130 1878 2169; x_wconf 63' lang='lat' dir='ltr'><em>dogmatum</em></span> 
     </span>
     <span class='ocr_line' id='line_1_31' title="bbox 96 2180 1876 2226; baseline -0.003 -9"><span class='ocrx_word' id='word_1_336' title='bbox 96 2185 344 2217; x_wconf 65' lang='lat' dir='ltr'><em>christianorum</em></span> <span class='ocrx_word' id='word_1_337' title='bbox 361 2195 423 2226; x_wconf 86' lang='lat' dir='ltr'><em>per</em></span> <span class='ocrx_word' id='word_1_338' title='bbox 443 2184 597 2223; x_wconf 80' lang='lat' dir='ltr'><em>mediam,</em></span> <span class='ocrx_word' id='word_1_339' title='bbox 626 2193 706 2224; x_wconf 80' lang='lat' dir='ltr'><em>quae</em></span> <span class='ocrx_word' id='word_1_340' title='bbox 728 2186 876 2221; x_wconf 78' lang='lat' dir='ltr'><em>vocatur,</em></span> <span class='ocrx_word' id='word_1_341' title='bbox 904 2185 1036 2214; x_wconf 79' lang='lat' dir='ltr'><em>aetatem</em></span> <span class='ocrx_word' id='word_1_342' title='bbox 1067 2182 1235 2213; x_wconf 85' lang='lat' dir='ltr'><em>enarrabit</em></span> <span class='ocrx_word' id='word_1_343' title='bbox 1258 2181 1289 2214; x_wconf 91' lang='lat' dir='ltr'>d.</span> <span class='ocrx_word' id='word_1_344' title='bbox 1315 2182 1417 2213; x_wconf 73' lang='lat' dir='ltr'><em>merc.</em></span> <span class='ocrx_word' id='word_1_345' title='bbox 1442 2181 1473 2213; x_wconf 89' lang='lat' dir='ltr'>h.</span> <span class='ocrx_word' id='word_1_346' title='bbox 1497 2182 1554 2212; x_wconf 87' lang='lat' dir='ltr'>IX.</span> <span class='ocrx_word' id='word_1_347' title='bbox 1610 2180 1809 2211; x_wconf 82' lang='lat' dir='ltr'><em>Privatim</em></span> <span class='ocrx_word' id='word_1_348' title='bbox 1838 2180 1876 2213; x_wconf 86' lang='grc' dir='ltr'><strong>ΙΙ.</strong></span> 
     </span>
     <span class='ocr_line' id='line_1_32' title="bbox 95 2233 1878 2276; baseline -0.003 -8"><span class='ocrx_word' id='word_1_349' title='bbox 95 2236 273 2268; x_wconf 69' lang='lat' dir='ltr'><em>Historiam</em></span> <span class='ocrx_word' id='word_1_350' title='bbox 305 2236 484 2276; x_wconf 75' lang='lat' dir='ltr'><em>doymatum</em></span> <span class='ocrx_word' id='word_1_351' title='bbox 517 2235 763 2266; x_wconf 75' lang='lat' dir='ltr'><em>christianornm</em></span> <span class='ocrx_word' id='word_1_352' title='bbox 795 2243 859 2274; x_wconf 87' lang='lat' dir='ltr'><em>per</em></span> <span class='ocrx_word' id='word_1_353' title='bbox 897 2236 1047 2272; x_wconf 79' lang='lat' dir='ltr'><em>veterem,</em></span> <span class='ocrx_word' id='word_1_354' title='bbox 1092 2243 1173 2275; x_wconf 76' lang='lat' dir='ltr'><em>quae</em></span> <span class='ocrx_word' id='word_1_355' title='bbox 1211 2236 1360 2273; x_wconf 78' lang='lat' dir='ltr'><em>vocatur,</em></span> <span class='ocrx_word' id='word_1_356' title='bbox 1404 2233 1568 2264; x_wconf 74' lang='lat' dir='ltr'><em>ecclesiam</em></span> <span class='ocrx_word' id='word_1_357' title='bbox 1601 2235 1669 2263; x_wconf 87' lang='lat' dir='ltr'><em>octo</em></span> <span class='ocrx_word' id='word_1_358' title='bbox 1698 2233 1878 2273; x_wconf 79' lang='lat' dir='ltr'><em>primorum</em></span> 
     </span>
     <span class='ocr_line' id='line_1_33' title="bbox 94 2283 1084 2320; baseline -0.004 0"><span class='ocrx_word' id='word_1_359' title='bbox 94 2287 293 2320; x_wconf 66' lang='lat' dir='ltr'><em>:aemulorum</em></span> <span class='ocrx_word' id='word_1_360' title='bbox 317 2285 454 2318; x_wconf 82' lang='lat' dir='ltr'><em>docebit</em></span> <span class='ocrx_word' id='word_1_361' title='bbox 477 2285 509 2318; x_wconf 88' lang='lat' dir='ltr'>d.</span> <span class='ocrx_word' id='word_1_362' title='bbox 534 2285 616 2318; x_wconf 85' lang='lat' dir='ltr'><em>Lun.</em></span> <span class='ocrx_word' id='word_1_363' title='bbox 639 2284 738 2317; x_wconf 79' lang='lat' dir='ltr'><em>Mart.</em></span> <span class='ocrx_word' id='word_1_364' title='bbox 763 2284 832 2316; x_wconf 91' lang='lat' dir='ltr'><em>Iov.</em></span> <span class='ocrx_word' id='word_1_365' title='bbox 864 2283 946 2316; x_wconf 80' lang='lat' dir='ltr'><em>Vcn.</em></span> <span class='ocrx_word' id='word_1_366' title='bbox 971 2283 1003 2316; x_wconf 88' lang='lat' dir='ltr'>h.</span> <span class='ocrx_word' id='word_1_367' title='bbox 1026 2284 1084 2316; x_wconf 87' lang='lat' dir='ltr'>IX.</span> 
     </span>
    </p>

    <p class='ocr_par' dir='ltr' id='par_1_12' title="bbox 247 2333 1873 2376">
     <span class='ocr_line' id='line_1_34' title="bbox 247 2333 1873 2376; baseline -0.003 -7"><span class='ocrx_word' id='word_1_368' title='bbox 247 2337 394 2370; x_wconf 81' lang='lat' dir='ltr'><em>Scholae</em></span> <span class='ocrx_word' id='word_1_369' title='bbox 424 2348 442 2369; x_wconf 88' lang='lat' dir='ltr'><em>a</em></span> <span class='ocrx_word' id='word_1_370' title='bbox 471 2347 672 2369; x_wconf 82' lang='lat' dir='ltr'><em>successore</em></span> <span class='ocrx_word' id='word_1_371' title='bbox 701 2336 790 2367; x_wconf 82' lang='lat' dir='ltr'><em>beati</em></span> <span class='ocrx_word' id='word_1_372' title='bbox 819 2335 907 2367; x_wconf 86' lang='lat' dir='ltr'><em>Frid.</em></span> <span class='ocrx_word' id='word_1_373' title='bbox 939 2335 1027 2368; x_wconf 91' lang='lat' dir='ltr'><em>Guil.</em></span> <span class='ocrx_word' id='word_1_374' title='bbox 1057 2334 1194 2367; x_wconf 86' lang='lat' dir='ltr'><em>Schultz</em></span> <span class='ocrx_word' id='word_1_375' title='bbox 1225 2335 1261 2369; x_wconf 84' lang='lat' dir='ltr'><em>P.</em></span> <span class='ocrx_word' id='word_1_376' title='bbox 1289 2335 1326 2367; x_wconf 90' lang='grc' dir='ltr'><strong>Ρ.</strong></span> <span class='ocrx_word' id='word_1_377' title='bbox 1357 2334 1398 2367; x_wconf 89' lang='grc' dir='ltr'><strong>Ο.</strong></span> <span class='ocrx_word' id='word_1_378' title='bbox 1428 2333 1605 2366; x_wconf 79' lang='lat' dir='ltr'><em>habendae</em></span> <span class='ocrx_word' id='word_1_379' title='bbox 1635 2343 1698 2365; x_wconf 76' lang='lat' dir='ltr'><em>suo</em></span> <span class='ocrx_word' id='word_1_380' title='bbox 1722 2339 1873 2376; x_wconf 76' lang='lat' dir='ltr'><em>tempore</em></span> 
     </span>
    </p>
   </div>
   <div class='ocr_carea' id='block_1_6' title="bbox 94 2388 342 2422">
    <p class='ocr_par' dir='ltr' id='par_1_13' title="bbox 94 2388 342 2422">
     <span class='ocr_line' id='line_1_35' title="bbox 94 2388 342 2422; baseline -0.004 0"><span class='ocrx_word' id='word_1_381' title='bbox 94 2388 342 2422; x_wconf 76' lang='lat' dir='ltr'><em>indicabuntur.</em></span> 
     </span>
    </p>
   </div>
   <div class='ocr_carea' id='block_1_7' title="bbox 954 644 1062 648">
    <p class='ocr_par' dir='ltr' id='par_1_14' title="bbox 954 644 1062 648">
     <span class='ocr_line' id='line_1_36' title="bbox 954 644 1062 648; baseline 0 0"><span class='ocrx_word' id='word_1_382' title='bbox 954 644 1062 648; x_wconf 95' lang='lat' dir='ltr'><em> </em></span> 
     </span>
    </p>
   </div>
   <div class='ocr_carea' id='block_1_8' title="bbox 1667 2497 1697 2523">
    <p class='ocr_par' dir='ltr' id='par_1_15' title="bbox 1667 2497 1697 2523">
     <span class='ocr_line' id='line_1_37' title="bbox 1667 2497 1697 2523; baseline 0 0"><span class='ocrx_word' id='word_1_383' title='bbox 1667 2497 1697 2523; x_wconf 70' lang='lat'><em>2·</em></span> 
     </span>
    </p>
   </div>
  </div>
 </body>
</html>
