<?xml version="1.0" encoding="UTF-8"?>
<!DOCTYPE html PUBLIC "-//W3C//DTD XHTML 1.0 Transitional//EN"
    "http://www.w3.org/TR/xhtml1/DTD/xhtml1-transitional.dtd">
<html xmlns="http://www.w3.org/1999/xhtml" xml:lang="en" lang="en">
 <head>
  <title>
</title>
<meta http-equiv="Content-Type" content="text/html;charset=utf-8" />
  <meta name='ocr-system' content='tesseract 3.04.00' />
  <meta name='ocr-capabilities' content='ocr_page ocr_carea ocr_par ocr_line ocrx_word'/>
</head>
<body>
  <div class='ocr_page' id='page_1' title='image "./ueberdieentstehu00benfuoft_0477.png"; bbox 0 0 2138 2748; ppageno 0'>
   <div class='ocr_carea' id='block_1_1' title="bbox 944 211 1032 259">
    <p class='ocr_par' dir='ltr' id='par_1_1' title="bbox 944 211 1032 259">
     <span class='ocr_line' id='line_1_1' title="bbox 944 211 1032 259; baseline 0.011 -17"><span class='ocrx_word' id='word_1_1' title='bbox 944 211 986 243; x_wconf 85' lang='lat'><strong>43</strong></span> <span class='ocrx_word' id='word_1_2' title='bbox 1022 238 1032 259; x_wconf 7' lang='lat' dir='ltr'><strong>b.</strong></span> 
     </span>
    </p>
   </div>
   <div class='ocr_carea' id='block_1_2' title="bbox 873 256 1005 259">
    <p class='ocr_par' dir='ltr' id='par_1_2' title="bbox 873 256 1005 259">
     <span class='ocr_line' id='line_1_2' title="bbox 873 256 1005 259; baseline 0 0"><span class='ocrx_word' id='word_1_3' title='bbox 873 256 1005 259; x_wconf 95' lang='lat' dir='ltr'><strong> </strong></span> 
     </span>
    </p>
   </div>
   <div class='ocr_carea' id='block_1_3' title="bbox 71 313 1860 1020">
    <p class='ocr_par' dir='ltr' id='par_1_3' title="bbox 73 313 1860 499">
     <span class='ocr_line' id='line_1_3' title="bbox 227 313 1860 351; baseline 0.002 -6"><span class='ocrx_word' id='word_1_4' title='bbox 227 313 474 346; x_wconf 89' lang='lat' dir='ltr'><strong>ADOLPHUS</strong></span> <span class='ocrx_word' id='word_1_5' title='bbox 510 313 738 351; x_wconf 84' lang='lat' dir='ltr'><strong>GASPARY,</strong></span> <span class='ocrx_word' id='word_1_6' title='bbox 773 314 831 346; x_wconf 85' lang='lat' dir='ltr'><strong>Dr.</strong></span> <span class='ocrx_word' id='word_1_7' title='bbox 866 313 902 347; x_wconf 88' lang='lat' dir='ltr'><strong>P.</strong></span> <span class='ocrx_word' id='word_1_8' title='bbox 935 313 972 346; x_wconf 91' lang='lat' dir='ltr'><strong>P.</strong></span> <span class='ocrx_word' id='word_1_9' title='bbox 1007 313 1048 347; x_wconf 93' lang='grc' dir='ltr'><strong>Ο.</strong></span> <span class='ocrx_word' id='word_1_10' title='bbox 1113 313 1286 346; x_wconf 84' lang='lat' dir='ltr'><strong>Publice</strong></span> <span class='ocrx_word' id='word_1_11' title='bbox 1313 315 1338 347; x_wconf 96' lang='lat' dir='ltr'><strong>I.</strong></span> <span class='ocrx_word' id='word_1_12' title='bbox 1403 316 1658 348; x_wconf 66' lang='lat' dir='ltr'><strong><em>Exercitationes</em></strong></span> <span class='ocrx_word' id='word_1_13' title='bbox 1693 317 1860 349; x_wconf 80' lang='lat' dir='ltr'><strong>seminarii</strong></span> 
     </span>
     <span class='ocr_line' id='line_1_4' title="bbox 74 363 1858 409; baseline 0.002 -11"><span class='ocrx_word' id='word_1_14' title='bbox 74 365 286 398; x_wconf 68' lang='lat' dir='ltr'><strong>Romanemis</strong></span> <span class='ocrx_word' id='word_1_15' title='bbox 308 365 571 407; x_wconf 78' lang='lat' dir='ltr'><strong>Francoyallicas</strong></span> <span class='ocrx_word' id='word_1_16' title='bbox 595 364 826 397; x_wconf 79' lang='lat' dir='ltr'><strong>moderabitur</strong></span> <span class='ocrx_word' id='word_1_17' title='bbox 849 364 880 398; x_wconf 90' lang='lat' dir='ltr'><strong>d.</strong></span> <span class='ocrx_word' id='word_1_18' title='bbox 905 363 976 397; x_wconf 89' lang='lat' dir='ltr'><strong>Sat.</strong></span> <span class='ocrx_word' id='word_1_19' title='bbox 1003 364 1036 398; x_wconf 91' lang='lat' dir='ltr'><strong>h.</strong></span> <span class='ocrx_word' id='word_1_20' title='bbox 1060 364 1092 396; x_wconf 90' lang='lat' dir='ltr'>X</span> <span class='ocrx_word' id='word_1_21' title='bbox 1116 370 1148 397; x_wconf 86' lang='lat' dir='ltr'><strong>et</strong></span> <span class='ocrx_word' id='word_1_22' title='bbox 1169 365 1228 403; x_wconf 85' lang='lat' dir='ltr'><strong>XI.</strong></span> <span class='ocrx_word' id='word_1_23' title='bbox 1258 365 1458 397; x_wconf 78' lang='lat' dir='ltr'>Privatim</span> <span class='ocrx_word' id='word_1_24' title='bbox 1484 367 1525 399; x_wconf 90' lang='lat'><strong>11.</strong></span> <span class='ocrx_word' id='word_1_25' title='bbox 1549 366 1708 407; x_wconf 73' lang='lat' dir='ltr'><strong>Synta-vin</strong></span> <span class='ocrx_word' id='word_1_26' title='bbox 1731 368 1858 409; x_wconf 69' lang='lat' dir='ltr'><strong>linquae</strong></span> 
     </span>
     <span class='ocr_line' id='line_1_5' title="bbox 73 413 1856 459; baseline 0.001 -10"><span class='ocrx_word' id='word_1_27' title='bbox 73 416 334 457; x_wconf 73' lang='lat' dir='ltr'><strong>Francoyallicae</strong></span> <span class='ocrx_word' id='word_1_28' title='bbox 363 415 502 447; x_wconf 81' lang='lat' dir='ltr'><strong>docebit</strong></span> <span class='ocrx_word' id='word_1_29' title='bbox 530 415 562 448; x_wconf 91' lang='lat' dir='ltr'><strong>d.</strong></span> <span class='ocrx_word' id='word_1_30' title='bbox 586 415 669 449; x_wconf 82' lang='lat' dir='ltr'><strong>Lun.</strong></span> <span class='ocrx_word' id='word_1_31' title='bbox 700 413 799 448; x_wconf 80' lang='lat' dir='ltr'><strong>Mart.</strong></span> <span class='ocrx_word' id='word_1_32' title='bbox 826 416 898 448; x_wconf 85' lang='lat' dir='ltr'><strong>Iov.</strong></span> <span class='ocrx_word' id='word_1_33' title='bbox 923 415 1008 448; x_wconf 91' lang='lat' dir='ltr'><strong>Ven.</strong></span> <span class='ocrx_word' id='word_1_34' title='bbox 1032 415 1064 448; x_wconf 92' lang='lat' dir='ltr'><strong>h.</strong></span> <span class='ocrx_word' id='word_1_35' title='bbox 1088 415 1164 448; x_wconf 91' lang='lat' dir='ltr'>XII.</span> <span class='ocrx_word' id='word_1_36' title='bbox 1204 416 1262 449; x_wconf 88' lang='lat'><strong>111.</strong></span> <span class='ocrx_word' id='word_1_37' title='bbox 1307 417 1355 448; x_wconf 88' lang='lat' dir='ltr'><strong>De</strong></span> <span class='ocrx_word' id='word_1_38' title='bbox 1379 418 1443 449; x_wconf 86' lang='lat' dir='ltr'><strong>vita</strong></span> <span class='ocrx_word' id='word_1_39' title='bbox 1465 421 1494 450; x_wconf 88' lang='lat' dir='ltr'><strong>et</strong></span> <span class='ocrx_word' id='word_1_40' title='bbox 1516 418 1664 459; x_wconf 82' lang='lat' dir='ltr'><strong>operibus</strong></span> <span class='ocrx_word' id='word_1_41' title='bbox 1686 419 1856 451; x_wconf 85' lang='lat' dir='ltr'><strong>Francisci</strong></span> 
     </span>
     <span class='ocr_line' id='line_1_6' title="bbox 75 464 1078 499; baseline 0 0"><span class='ocrx_word' id='word_1_42' title='bbox 75 464 199 499; x_wconf 68' lang='lat' dir='ltr'><strong>Mariae</strong></span> <span class='ocrx_word' id='word_1_43' title='bbox 222 467 261 498; x_wconf 86' lang='lat' dir='ltr'><strong>de</strong></span> <span class='ocrx_word' id='word_1_44' title='bbox 288 466 426 499; x_wconf 83' lang='lat' dir='ltr'><strong>Voltaire</strong></span> <span class='ocrx_word' id='word_1_45' title='bbox 449 465 594 497; x_wconf 78' lang='lat' dir='ltr'><strong>disseret</strong></span> <span class='ocrx_word' id='word_1_46' title='bbox 617 465 650 499; x_wconf 90' lang='lat' dir='ltr'><strong>d.</strong></span> <span class='ocrx_word' id='word_1_47' title='bbox 673 465 777 499; x_wconf 87' lang='lat' dir='ltr'><strong>Merc.</strong></span> <span class='ocrx_word' id='word_1_48' title='bbox 795 470 827 497; x_wconf 90' lang='lat' dir='ltr'><strong>et</strong></span> <span class='ocrx_word' id='word_1_49' title='bbox 851 465 921 497; x_wconf 84' lang='lat' dir='ltr'><strong>Sat.</strong></span> <span class='ocrx_word' id='word_1_50' title='bbox 946 465 978 498; x_wconf 87' lang='lat' dir='ltr'><strong>h.</strong></span> <span class='ocrx_word' id='word_1_51' title='bbox 1003 465 1078 499; x_wconf 90' lang='lat' dir='ltr'><strong>XII.</strong></span> 
     </span>
    </p>

    <p class='ocr_par' dir='ltr' id='par_1_4' title="bbox 71 515 1856 712">
     <span class='ocr_line' id='line_1_7' title="bbox 226 515 1856 560; baseline 0.003 -12"><span class='ocrx_word' id='word_1_52' title='bbox 226 515 454 549; x_wconf 89' lang='lat' dir='ltr'><strong>IOSEPHUS</strong></span> <span class='ocrx_word' id='word_1_53' title='bbox 474 516 694 554; x_wconf 83' lang='lat' dir='ltr'>PARTSCH,</span> <span class='ocrx_word' id='word_1_54' title='bbox 708 516 766 549; x_wconf 88' lang='lat' dir='ltr'><strong>Dr.</strong></span> <span class='ocrx_word' id='word_1_55' title='bbox 782 516 819 549; x_wconf 88' lang='lat' dir='ltr'><strong>P.</strong></span> <span class='ocrx_word' id='word_1_56' title='bbox 835 516 871 549; x_wconf 93' lang='lat' dir='ltr'><strong>P.</strong></span> <span class='ocrx_word' id='word_1_57' title='bbox 889 515 929 549; x_wconf 93' lang='lat' dir='ltr'><strong>O.</strong></span> <span class='ocrx_word' id='word_1_58' title='bbox 957 516 1042 549; x_wconf 92' lang='lat' dir='ltr'><strong>Pub</strong></span> <span class='ocrx_word' id='word_1_59' title='bbox 1054 517 1136 549; x_wconf 89' lang='lat' dir='ltr'><strong>lice</strong></span> <span class='ocrx_word' id='word_1_60' title='bbox 1150 517 1174 550; x_wconf 90' lang='lat' dir='ltr'><strong>I.</strong></span> <span class='ocrx_word' id='word_1_61' title='bbox 1203 517 1376 550; x_wconf 87' lang='lat' dir='ltr'><strong>Seminarii</strong></span> <span class='ocrx_word' id='word_1_62' title='bbox 1387 519 1592 560; x_wconf 67' lang='lat' dir='ltr'><strong>geographici</strong></span> <span class='ocrx_word' id='word_1_63' title='bbox 1614 521 1856 554; x_wconf 77' lang='lat' dir='ltr'><strong>eaeercitationes</strong></span> 
     </span>
     <span class='ocr_line' id='line_1_8' title="bbox 73 567 1852 612; baseline 0.003 -12"><span class='ocrx_word' id='word_1_64' title='bbox 73 567 304 600; x_wconf 82' lang='lat' dir='ltr'><strong>moderabitur</strong></span> <span class='ocrx_word' id='word_1_65' title='bbox 337 567 388 599; x_wconf 89' lang='lat' dir='ltr'><strong>bis</strong></span> <span class='ocrx_word' id='word_1_66' title='bbox 423 578 483 610; x_wconf 87' lang='lat' dir='ltr'><strong>per</strong></span> <span class='ocrx_word' id='word_1_67' title='bbox 511 567 610 601; x_wconf 84' lang='lat' dir='ltr'><strong>hebd.</strong></span> <span class='ocrx_word' id='word_1_68' title='bbox 646 567 677 600; x_wconf 92' lang='lat' dir='ltr'><strong>h.</strong></span> <span class='ocrx_word' id='word_1_69' title='bbox 713 567 786 601; x_wconf 56' lang='lat' dir='ltr'><strong>defz</strong></span> <span class='ocrx_word' id='word_1_70' title='bbox 828 567 1024 599; x_wconf 85' lang='lat' dir='ltr'><strong>Privatim</strong></span> <span class='ocrx_word' id='word_1_71' title='bbox 1053 569 1093 602; x_wconf 93' lang='lat' dir='ltr'><strong>II.</strong></span> <span class='ocrx_word' id='word_1_72' title='bbox 1137 569 1357 611; x_wconf 77' lang='lat' dir='ltr'><strong>Geoyraphiae</strong></span> <span class='ocrx_word' id='word_1_73' title='bbox 1382 570 1542 610; x_wconf 77' lang='lat' dir='ltr'><strong>yeneralis</strong></span> <span class='ocrx_word' id='word_1_74' title='bbox 1570 574 1696 612; x_wconf 83' lang='lat' dir='ltr'><strong>partem</strong></span> <span class='ocrx_word' id='word_1_75' title='bbox 1732 582 1852 605; x_wconf 87' lang='lat' dir='ltr'><strong>cosmo-</strong></span> 
     </span>
     <span class='ocr_line' id='line_1_9' title="bbox 71 618 1855 662; baseline 0.003 -12"><span class='ocrx_word' id='word_1_76' title='bbox 71 619 258 662; x_wconf 66' lang='lat' dir='ltr'><strong>graphicam</strong></span> <span class='ocrx_word' id='word_1_77' title='bbox 281 622 309 651; x_wconf 91' lang='lat' dir='ltr'><strong>et</strong></span> <span class='ocrx_word' id='word_1_78' title='bbox 331 619 604 661; x_wconf 77' lang='lat' dir='ltr'><strong>cartoyraphicam</strong></span> <span class='ocrx_word' id='word_1_79' title='bbox 627 618 739 651; x_wconf 83' lang='lat' dir='ltr'><strong>tradet</strong></span> <span class='ocrx_word' id='word_1_80' title='bbox 762 624 882 662; x_wconf 84' lang='lat' dir='ltr'><strong>quater</strong></span> <span class='ocrx_word' id='word_1_81' title='bbox 905 630 965 661; x_wconf 87' lang='lat' dir='ltr'><strong>per</strong></span> <span class='ocrx_word' id='word_1_82' title='bbox 987 618 1087 651; x_wconf 86' lang='lat' dir='ltr'><strong>hebd.</strong></span> <span class='ocrx_word' id='word_1_83' title='bbox 1112 620 1144 653; x_wconf 90' lang='lat' dir='ltr'><strong>h.</strong></span> <span class='ocrx_word' id='word_1_84' title='bbox 1169 619 1235 652; x_wconf 84' lang='lat' dir='ltr'><strong>def.</strong></span> <span class='ocrx_word' id='word_1_85' title='bbox 1272 619 1329 652; x_wconf 86' lang='lat'><strong>111.</strong></span> <span class='ocrx_word' id='word_1_86' title='bbox 1355 620 1589 662; x_wconf 74' lang='lat' dir='ltr'><strong>Geoyraphiam</strong></span> <span class='ocrx_word' id='word_1_87' title='bbox 1603 622 1702 654; x_wconf 81' lang='lat' dir='ltr'><strong>Asiae</strong></span> <span class='ocrx_word' id='word_1_88' title='bbox 1718 622 1855 655; x_wconf 87' lang='lat' dir='ltr'><strong>docebit</strong></span> 
     </span>
     <span class='ocr_line' id='line_1_10' title="bbox 73 669 480 712; baseline 0 -10"><span class='ocrx_word' id='word_1_89' title='bbox 73 673 126 702; x_wconf 84' lang='lat' dir='ltr'><strong>ter</strong></span> <span class='ocrx_word' id='word_1_90' title='bbox 148 679 209 712; x_wconf 85' lang='lat' dir='ltr'><strong>per</strong></span> <span class='ocrx_word' id='word_1_91' title='bbox 231 669 332 702; x_wconf 88' lang='lat' dir='ltr'><strong>hebd.</strong></span> <span class='ocrx_word' id='word_1_92' title='bbox 357 669 389 702; x_wconf 89' lang='lat' dir='ltr'><strong>h.</strong></span> <span class='ocrx_word' id='word_1_93' title='bbox 414 669 480 703; x_wconf 86' lang='lat' dir='ltr'><strong>def.</strong></span> 
     </span>
    </p>

    <p class='ocr_par' dir='ltr' id='par_1_5' title="bbox 73 719 1858 855">
     <span class='ocr_line' id='line_1_11' title="bbox 226 719 1858 758; baseline 0.004 -6"><span class='ocrx_word' id='word_1_94' title='bbox 226 719 476 753; x_wconf 81' lang='lat' dir='ltr'><strong>EDUARDUS</strong></span> <span class='ocrx_word' id='word_1_95' title='bbox 500 720 675 756; x_wconf 78' lang='lat' dir='ltr'>MEYER,</span> <span class='ocrx_word' id='word_1_96' title='bbox 706 720 763 753; x_wconf 88' lang='lat' dir='ltr'><strong>Dr.</strong></span> <span class='ocrx_word' id='word_1_97' title='bbox 786 721 823 753; x_wconf 89' lang='lat' dir='ltr'><strong>P.</strong></span> <span class='ocrx_word' id='word_1_98' title='bbox 847 719 882 751; x_wconf 87' lang='lat' dir='ltr'><strong>P.</strong></span> <span class='ocrx_word' id='word_1_99' title='bbox 906 720 946 753; x_wconf 89' lang='lat' dir='ltr'><strong>O.</strong></span> <span class='ocrx_word' id='word_1_100' title='bbox 991 720 1165 753; x_wconf 88' lang='lat' dir='ltr'><strong>Publice</strong></span> <span class='ocrx_word' id='word_1_101' title='bbox 1188 723 1213 753; x_wconf 98' lang='grc' dir='ltr'>Ι.</span> <span class='ocrx_word' id='word_1_102' title='bbox 1247 723 1501 754; x_wconf 73' lang='lat' dir='ltr'><strong>Exercitationes</strong></span> <span class='ocrx_word' id='word_1_103' title='bbox 1524 725 1692 756; x_wconf 85' lang='lat' dir='ltr'><strong>seminarii</strong></span> <span class='ocrx_word' id='word_1_104' title='bbox 1713 725 1858 758; x_wconf 70' lang='lat' dir='ltr'><strong>historici</strong></span> 
     </span>
     <span class='ocr_line' id='line_1_12' title="bbox 73 770 1853 820; baseline 0.003 -17"><span class='ocrx_word' id='word_1_105' title='bbox 73 770 304 820; x_wconf 70' lang='lat' dir='ltr'><strong>moderabitur</strong></span> <span class='ocrx_word' id='word_1_106' title='bbox 327 771 359 804; x_wconf 87' lang='lat' dir='ltr'><strong>d.</strong></span> <span class='ocrx_word' id='word_1_107' title='bbox 372 772 444 804; x_wconf 83' lang='lat' dir='ltr'><strong>Iov.</strong></span> <span class='ocrx_word' id='word_1_108' title='bbox 463 771 552 804; x_wconf 92' lang='lat' dir='ltr'><strong>h.VI</strong></span> <span class='ocrx_word' id='word_1_109' title='bbox 571 777 605 804; x_wconf 90' lang='lat' dir='ltr'><strong>et</strong></span> <span class='ocrx_word' id='word_1_110' title='bbox 621 771 697 804; x_wconf 89' lang='lat' dir='ltr'><strong>VII.</strong></span> <span class='ocrx_word' id='word_1_111' title='bbox 735 771 931 803; x_wconf 78' lang='lat' dir='ltr'><strong>Privatim</strong></span> <span class='ocrx_word' id='word_1_112' title='bbox 947 773 988 805; x_wconf 92' lang='grc' dir='ltr'><strong>ΙΙ.</strong></span> <span class='ocrx_word' id='word_1_113' title='bbox 1024 773 1202 805; x_wconf 73' lang='lat' dir='ltr'><strong>Historiam</strong></span> <span class='ocrx_word' id='word_1_114' title='bbox 1223 783 1371 814; x_wconf 76' lang='lat' dir='ltr'><strong>yraecam</strong></span> <span class='ocrx_word' id='word_1_115' title='bbox 1394 774 1562 806; x_wconf 82' lang='lat' dir='ltr'><strong>enarrabit</strong></span> <span class='ocrx_word' id='word_1_116' title='bbox 1585 773 1617 807; x_wconf 89' lang='lat' dir='ltr'><strong>d.</strong></span> <span class='ocrx_word' id='word_1_117' title='bbox 1646 774 1728 808; x_wconf 89' lang='lat' dir='ltr'><strong>Lun.</strong></span> <span class='ocrx_word' id='word_1_118' title='bbox 1756 776 1853 809; x_wconf 75' lang='lat' dir='ltr'><strong>Mart.</strong></span> 
     </span>
     <span class='ocr_line' id='line_1_13' title="bbox 75 821 400 855; baseline -0.003 0"><span class='ocrx_word' id='word_1_119' title='bbox 75 821 146 855; x_wconf 76' lang='lat' dir='ltr'><strong>lov.</strong></span> <span class='ocrx_word' id='word_1_120' title='bbox 169 821 256 855; x_wconf 88' lang='lat' dir='ltr'><strong>Ven.</strong></span> <span class='ocrx_word' id='word_1_121' title='bbox 285 822 317 855; x_wconf 93' lang='lat' dir='ltr'><strong>h.</strong></span> <span class='ocrx_word' id='word_1_122' title='bbox 342 822 400 854; x_wconf 90' lang='lat' dir='ltr'><strong>XI.</strong></span> 
     </span>
    </p>

    <p class='ocr_par' dir='ltr' id='par_1_6' title="bbox 71 872 1854 1020">
     <span class='ocr_line' id='line_1_14' title="bbox 226 872 1854 917; baseline 0.003 -12"><span class='ocrx_word' id='word_1_123' title='bbox 226 872 460 906; x_wconf 87' lang='lat' dir='ltr'><strong>EUGENIUS</strong></span> <span class='ocrx_word' id='word_1_124' title='bbox 494 872 748 911; x_wconf 84' lang='lat' dir='ltr'><strong>KOELBING,</strong></span> <span class='ocrx_word' id='word_1_125' title='bbox 783 873 842 906; x_wconf 87' lang='lat' dir='ltr'><strong>Dr.</strong></span> <span class='ocrx_word' id='word_1_126' title='bbox 870 873 906 907; x_wconf 90' lang='lat' dir='ltr'><strong>P.</strong></span> <span class='ocrx_word' id='word_1_127' title='bbox 933 873 969 907; x_wconf 96' lang='lat' dir='ltr'><strong>P.</strong></span> <span class='ocrx_word' id='word_1_128' title='bbox 999 874 1039 907; x_wconf 91' lang='lat' dir='ltr'><strong>O.</strong></span> <span class='ocrx_word' id='word_1_129' title='bbox 1090 874 1260 906; x_wconf 83' lang='lat' dir='ltr'><strong>Publice</strong></span> <span class='ocrx_word' id='word_1_130' title='bbox 1291 875 1314 907; x_wconf 91' lang='lat'><strong>1.</strong></span> <span class='ocrx_word' id='word_1_131' title='bbox 1370 875 1544 908; x_wconf 80' lang='lat' dir='ltr'><strong>Seminarii</strong></span> <span class='ocrx_word' id='word_1_132' title='bbox 1577 877 1703 917; x_wconf 76' lang='lat' dir='ltr'><strong>Anylici</strong></span> <span class='ocrx_word' id='word_1_133' title='bbox 1735 880 1854 910; x_wconf 71' lang='lat' dir='ltr'><strong>exerci-</strong></span> 
     </span>
     <span class='ocr_line' id='line_1_15' title="bbox 72 923 1853 969; baseline 0.002 -12"><span class='ocrx_word' id='word_1_134' title='bbox 72 924 245 957; x_wconf 69' lang='lat' dir='ltr'><strong>tationibus</strong></span> <span class='ocrx_word' id='word_1_135' title='bbox 268 925 414 967; x_wconf 84' lang='lat' dir='ltr'><strong>praeerit</strong></span> <span class='ocrx_word' id='word_1_136' title='bbox 442 923 474 958; x_wconf 86' lang='lat' dir='ltr'><strong>d.</strong></span> <span class='ocrx_word' id='word_1_137' title='bbox 498 924 597 958; x_wconf 81' lang='lat' dir='ltr'><strong>Mart.</strong></span> <span class='ocrx_word' id='word_1_138' title='bbox 620 924 653 957; x_wconf 93' lang='lat' dir='ltr'><strong>h.</strong></span> <span class='ocrx_word' id='word_1_139' title='bbox 680 924 727 956; x_wconf 94' lang='lat' dir='ltr'><strong>VI</strong></span> <span class='ocrx_word' id='word_1_140' title='bbox 751 930 784 956; x_wconf 91' lang='lat' dir='ltr'><strong>et</strong></span> <span class='ocrx_word' id='word_1_141' title='bbox 808 924 880 956; x_wconf 88' lang='lat' dir='ltr'><strong>V11.</strong></span> <span class='ocrx_word' id='word_1_142' title='bbox 930 924 1129 957; x_wconf 86' lang='lat' dir='ltr'><strong>Privatim</strong></span> <span class='ocrx_word' id='word_1_143' title='bbox 1158 926 1199 958; x_wconf 82' lang='grc' dir='ltr'><strong>ΙΙ.</strong></span> <span class='ocrx_word' id='word_1_144' title='bbox 1244 927 1422 958; x_wconf 81' lang='lat' dir='ltr'><strong>Historiam</strong></span> <span class='ocrx_word' id='word_1_145' title='bbox 1448 927 1625 959; x_wconf 78' lang='lat' dir='ltr'><strong>litterarum</strong></span> <span class='ocrx_word' id='word_1_146' title='bbox 1647 928 1853 969; x_wconf 72' lang='lat' dir='ltr'><strong>Anylicarum</strong></span> 
     </span>
     <span class='ocr_line' id='line_1_16' title="bbox 71 975 1853 1020; baseline 0.002 -13"><span class='ocrx_word' id='word_1_147' title='bbox 71 985 173 1018; x_wconf 68' lang='lat' dir='ltr'><strong>mque</strong></span> <span class='ocrx_word' id='word_1_148' title='bbox 205 976 248 1008; x_wconf 83' lang='lat' dir='ltr'><strong>ad</strong></span> <span class='ocrx_word' id='word_1_149' title='bbox 279 986 310 1007; x_wconf 89' lang='lat' dir='ltr'><strong>a.</strong></span> <span class='ocrx_word' id='word_1_150' title='bbox 344 976 431 1008; x_wconf 84' lang='lat'><em>1350</em></span> <span class='ocrx_word' id='word_1_151' title='bbox 457 976 628 1007; x_wconf 80' lang='lat' dir='ltr'><strong>enarrabit</strong></span> <span class='ocrx_word' id='word_1_152' title='bbox 656 975 688 1007; x_wconf 91' lang='lat' dir='ltr'><strong>d.</strong></span> <span class='ocrx_word' id='word_1_153' title='bbox 717 976 788 1010; x_wconf 86' lang='lat' dir='ltr'><strong>Iov.</strong></span> <span class='ocrx_word' id='word_1_154' title='bbox 817 975 850 1008; x_wconf 88' lang='lat' dir='ltr'><strong>h.</strong></span> <span class='ocrx_word' id='word_1_155' title='bbox 874 976 905 1007; x_wconf 90' lang='lat' dir='ltr'>X</span> <span class='ocrx_word' id='word_1_156' title='bbox 930 981 963 1007; x_wconf 88' lang='lat' dir='ltr'><strong>et</strong></span> <span class='ocrx_word' id='word_1_157' title='bbox 991 976 1049 1008; x_wconf 86' lang='lat' dir='ltr'><strong>XI.</strong></span> <span class='ocrx_word' id='word_1_158' title='bbox 1094 977 1151 1009; x_wconf 89' lang='lat'><strong>111.</strong></span> <span class='ocrx_word' id='word_1_159' title='bbox 1174 978 1462 1018; x_wconf 76' lang='lat' dir='ltr'><strong>Encyclopaediam</strong></span> <span class='ocrx_word' id='word_1_160' title='bbox 1488 978 1679 1019; x_wconf 73' lang='lat' dir='ltr'><strong>philoloyiae</strong></span> <span class='ocrx_word' id='word_1_161' title='bbox 1701 980 1853 1020; x_wconf 77' lang='lat' dir='ltr'><strong>Anylicae</strong></span> 
     </span>
    </p>
   </div>
   <div class='ocr_carea' id='block_1_4' title="bbox 0 1010 1851 1070">
    <p class='ocr_par' dir='ltr' id='par_1_7' title="bbox 0 1010 1851 1070">
     <span class='ocr_line' id='line_1_17' title="bbox 0 1010 1851 1070; baseline 0.002 -13"><span class='ocrx_word' id='word_1_162' title='bbox 0 1010 2 1038; x_wconf 45' lang='grc' dir='ltr'><strong><em>Ῑ</em></strong></span> <span class='ocrx_word' id='word_1_163' title='bbox 71 1025 185 1058; x_wconf 70' lang='lat' dir='ltr'><strong>tradet</strong></span> <span class='ocrx_word' id='word_1_164' title='bbox 212 1026 245 1060; x_wconf 90' lang='lat' dir='ltr'><strong>d.</strong></span> <span class='ocrx_word' id='word_1_165' title='bbox 271 1026 355 1058; x_wconf 82' lang='lat' dir='ltr'><strong>Ven.</strong></span> <span class='ocrx_word' id='word_1_166' title='bbox 389 1027 422 1060; x_wconf 91' lang='lat' dir='ltr'><strong>h.</strong></span> <span class='ocrx_word' id='word_1_167' title='bbox 452 1026 485 1058; x_wconf 91' lang='lat' dir='ltr'>X</span> <span class='ocrx_word' id='word_1_168' title='bbox 519 1031 553 1059; x_wconf 88' lang='lat' dir='ltr'><strong>et</strong></span> <span class='ocrx_word' id='word_1_169' title='bbox 586 1026 644 1060; x_wconf 88' lang='lat' dir='ltr'><strong>XI.</strong></span> <span class='ocrx_word' id='word_1_170' title='bbox 690 1026 748 1060; x_wconf 90' lang='lat' dir='ltr'><strong>IV.</strong></span> <span class='ocrx_word' id='word_1_171' title='bbox 777 1028 890 1059; x_wconf 81' lang='lat' dir='ltr'><strong>Eddae</strong></span> <span class='ocrx_word' id='word_1_172' title='bbox 918 1029 1062 1059; x_wconf 84' lang='lat' dir='ltr'><strong>carmina</strong></span> <span class='ocrx_word' id='word_1_173' title='bbox 1089 1028 1217 1060; x_wconf 86' lang='lat' dir='ltr'><strong>heroica</strong></span> <span class='ocrx_word' id='word_1_174' title='bbox 1245 1028 1359 1060; x_wconf 77' lang='lat' dir='ltr'><strong>selecta</strong></span> <span class='ocrx_word' id='word_1_175' title='bbox 1387 1028 1663 1070; x_wconf 79' lang='lat' dir='ltr'><strong>interpretabitur</strong></span> <span class='ocrx_word' id='word_1_176' title='bbox 1691 1029 1723 1062; x_wconf 86' lang='lat' dir='ltr'><strong>d.</strong></span> <span class='ocrx_word' id='word_1_177' title='bbox 1748 1030 1851 1063; x_wconf 89' lang='lat' dir='ltr'><strong>Merc.</strong></span> 
     </span>
    </p>
   </div>
   <div class='ocr_carea' id='block_1_5' title="bbox 73 1076 1853 1274">
    <p class='ocr_par' dir='ltr' id='par_1_8' title="bbox 73 1076 1853 1274">
     <span class='ocr_line' id='line_1_18' title="bbox 73 1076 1853 1173; baseline 0.002 -13"><span class='ocrx_word' id='word_1_178' title='bbox 73 1076 108 1111; x_wconf 74' lang='lat' dir='ltr'>h</span> <span class='ocrx_word' id='word_1_179' title='bbox 131 1076 180 1109; x_wconf 73' lang='lat' dir='ltr'><strong>VI</strong></span> <span class='ocrx_word' id='word_1_180' title='bbox 203 1077 460 1161; x_wconf 47' lang='lat' dir='ltr'><strong>OUIEJURGIUS</strong></span> <span class='ocrx_word' id='word_1_181' title='bbox 478 1128 701 1166; x_wconf 79' lang='lat' dir='ltr'><strong>HUEFFER,</strong></span> <span class='ocrx_word' id='word_1_182' title='bbox 726 1129 785 1162; x_wconf 93' lang='lat' dir='ltr'><strong>Dr.</strong></span> <span class='ocrx_word' id='word_1_183' title='bbox 807 1129 843 1162; x_wconf 89' lang='lat' dir='ltr'><strong>P.</strong></span> <span class='ocrx_word' id='word_1_184' title='bbox 866 1129 901 1161; x_wconf 91' lang='lat' dir='ltr'><strong>P.</strong></span> <span class='ocrx_word' id='word_1_185' title='bbox 919 1129 960 1162; x_wconf 92' lang='lat' dir='ltr'><strong>O.</strong></span> <span class='ocrx_word' id='word_1_186' title='bbox 1005 1129 1178 1161; x_wconf 82' lang='lat' dir='ltr'><strong>Publice</strong></span> <span class='ocrx_word' id='word_1_187' title='bbox 1200 1131 1225 1162; x_wconf 89' lang='grc' dir='ltr'>Ι.</span> <span class='ocrx_word' id='word_1_188' title='bbox 1270 1131 1448 1163; x_wconf 79' lang='lat' dir='ltr'><strong>Historiam</strong></span> <span class='ocrx_word' id='word_1_189' title='bbox 1469 1132 1615 1168; x_wconf 82' lang='lat' dir='ltr'><strong>rationis,</strong></span> <span class='ocrx_word' id='word_1_190' title='bbox 1649 1142 1729 1173; x_wconf 80' lang='lat' dir='ltr'><strong>quae</strong></span> <span class='ocrx_word' id='word_1_191' title='bbox 1751 1132 1853 1163; x_wconf 85' lang='lat' dir='ltr'><strong>medio</strong></span> 
     </span>
     <span class='ocr_line' id='line_1_19' title="bbox 73 1180 1853 1222; baseline 0.001 -9"><span class='ocrx_word' id='word_1_192' title='bbox 73 1189 150 1213; x_wconf 72' lang='lat' dir='ltr'><strong>aevo</strong></span> <span class='ocrx_word' id='word_1_193' title='bbox 172 1180 256 1213; x_wconf 83' lang='lat' dir='ltr'><strong>inter</strong></span> <span class='ocrx_word' id='word_1_194' title='bbox 272 1190 394 1222; x_wconf 86' lang='lat' dir='ltr'><strong>papam</strong></span> <span class='ocrx_word' id='word_1_195' title='bbox 416 1184 445 1212; x_wconf 87' lang='lat' dir='ltr'><strong>et</strong></span> <span class='ocrx_word' id='word_1_196' title='bbox 467 1181 689 1222; x_wconf 82' lang='lat' dir='ltr'><strong>imperatorem</strong></span> <span class='ocrx_word' id='word_1_197' title='bbox 712 1181 900 1220; x_wconf 78' lang='lat' dir='ltr'><strong>intercessit,</strong></span> <span class='ocrx_word' id='word_1_198' title='bbox 929 1180 1096 1212; x_wconf 83' lang='lat' dir='ltr'><strong>enarrabit</strong></span> <span class='ocrx_word' id='word_1_199' title='bbox 1126 1181 1158 1212; x_wconf 92' lang='lat' dir='ltr'><strong>d.</strong></span> <span class='ocrx_word' id='word_1_200' title='bbox 1186 1181 1258 1213; x_wconf 90' lang='lat' dir='ltr'><strong>Iov.</strong></span> <span class='ocrx_word' id='word_1_201' title='bbox 1289 1181 1319 1212; x_wconf 89' lang='lat' dir='ltr'><strong>h.</strong></span> <span class='ocrx_word' id='word_1_202' title='bbox 1349 1181 1408 1214; x_wconf 90' lang='lat' dir='ltr'><strong>IX.</strong></span> <span class='ocrx_word' id='word_1_203' title='bbox 1454 1181 1652 1214; x_wconf 79' lang='lat' dir='ltr'><strong>Privatim</strong></span> <span class='ocrx_word' id='word_1_204' title='bbox 1675 1182 1716 1215; x_wconf 89' lang='grc' dir='ltr'><strong>ΙΙ.</strong></span> <span class='ocrx_word' id='word_1_205' title='bbox 1746 1183 1853 1215; x_wconf 84' lang='lat' dir='ltr'><strong>Histo-</strong></span> 
     </span>
     <span class='ocr_line' id='line_1_20' title="bbox 73 1230 1853 1274; baseline 0.001 -11"><span class='ocrx_word' id='word_1_206' title='bbox 73 1231 156 1263; x_wconf 80' lang='lat' dir='ltr'><strong>riam</strong></span> <span class='ocrx_word' id='word_1_207' title='bbox 181 1230 412 1263; x_wconf 78' lang='lat' dir='ltr'><strong>Germanorum</strong></span> <span class='ocrx_word' id='word_1_208' title='bbox 435 1232 509 1263; x_wconf 86' lang='lat' dir='ltr'><strong>inde</strong></span> <span class='ocrx_word' id='word_1_209' title='bbox 532 1231 570 1263; x_wconf 87' lang='lat' dir='ltr'><strong>ab</strong></span> <span class='ocrx_word' id='word_1_210' title='bbox 586 1232 767 1271; x_wconf 75' lang='lat' dir='ltr'><strong>interr-cyno</strong></span> <span class='ocrx_word' id='word_1_211' title='bbox 782 1242 882 1272; x_wconf 74' lang='lat' dir='ltr'><strong>usque</strong></span> <span class='ocrx_word' id='word_1_212' title='bbox 900 1233 942 1264; x_wconf 86' lang='lat' dir='ltr'><strong>ad</strong></span> <span class='ocrx_word' id='word_1_213' title='bbox 955 1233 1056 1272; x_wconf 84' lang='lat' dir='ltr'><strong>finem</strong></span> <span class='ocrx_word' id='word_1_214' title='bbox 1075 1233 1173 1264; x_wconf 86' lang='lat' dir='ltr'><strong>medii</strong></span> <span class='ocrx_word' id='word_1_215' title='bbox 1187 1234 1271 1274; x_wconf 83' lang='lat' dir='ltr'><strong>quod</strong></span> <span class='ocrx_word' id='word_1_216' title='bbox 1285 1236 1416 1264; x_wconf 75' lang='lat' dir='ltr'><strong>vocatur</strong></span> <span class='ocrx_word' id='word_1_217' title='bbox 1430 1234 1501 1265; x_wconf 83' lang='lat' dir='ltr'><strong>aevi</strong></span> <span class='ocrx_word' id='word_1_218' title='bbox 1516 1234 1684 1265; x_wconf 80' lang='lat' dir='ltr'><strong>enarrabit</strong></span> <span class='ocrx_word' id='word_1_219' title='bbox 1701 1233 1733 1266; x_wconf 90' lang='lat' dir='ltr'><strong>d.</strong></span> <span class='ocrx_word' id='word_1_220' title='bbox 1749 1233 1853 1265; x_wconf 84' lang='lat' dir='ltr'><strong>Mete.</strong></span> 
     </span>
    </p>
   </div>
   <div class='ocr_carea' id='block_1_6' title="bbox 74 1281 1853 1376">
    <p class='ocr_par' dir='ltr' id='par_1_9' title="bbox 74 1281 1853 1376">
     <span class='ocr_line' id='line_1_21' title="bbox 74 1281 1850 1326; baseline 0.002 -13"><span class='ocrx_word' id='word_1_221' title='bbox 74 1286 108 1315; x_wconf 85' lang='lat' dir='ltr'><strong>et</strong></span> <span class='ocrx_word' id='word_1_222' title='bbox 130 1281 200 1314; x_wconf 78' lang='lat' dir='ltr'><strong>Sat.</strong></span> <span class='ocrx_word' id='word_1_223' title='bbox 224 1281 256 1313; x_wconf 86' lang='lat' dir='ltr'><strong>h.</strong></span> <span class='ocrx_word' id='word_1_224' title='bbox 273 1281 332 1315; x_wconf 89' lang='lat' dir='ltr'><strong>IX.</strong></span> <span class='ocrx_word' id='word_1_225' title='bbox 368 1281 659 1313; x_wconf 87' lang='lat' dir='ltr'><strong>Privatissime</strong></span> <span class='ocrx_word' id='word_1_226' title='bbox 674 1282 731 1314; x_wconf 89' lang='grc' dir='ltr'><strong>ΠΙ.</strong></span> <span class='ocrx_word' id='word_1_227' title='bbox 759 1283 1012 1315; x_wconf 75' lang='lat' dir='ltr'><strong>Eoeercitationes</strong></span> <span class='ocrx_word' id='word_1_228' title='bbox 1033 1283 1202 1316; x_wconf 78' lang='lat' dir='ltr'><strong>historicas</strong></span> <span class='ocrx_word' id='word_1_229' title='bbox 1223 1283 1453 1316; x_wconf 77' lang='lat' dir='ltr'><strong>moderabitur</strong></span> <span class='ocrx_word' id='word_1_230' title='bbox 1474 1284 1526 1315; x_wconf 80' lang='lat' dir='ltr'><strong>bis</strong></span> <span class='ocrx_word' id='word_1_231' title='bbox 1542 1295 1604 1326; x_wconf 87' lang='lat' dir='ltr'><strong>per</strong></span> <span class='ocrx_word' id='word_1_232' title='bbox 1619 1283 1720 1317; x_wconf 91' lang='lat' dir='ltr'><strong>hebd.</strong></span> <span class='ocrx_word' id='word_1_233' title='bbox 1737 1283 1770 1318; x_wconf 87' lang='lat' dir='ltr'><strong>h.</strong></span> <span class='ocrx_word' id='word_1_234' title='bbox 1786 1283 1850 1316; x_wconf 87' lang='lat' dir='ltr'><strong>def.</strong></span> 
     </span>
     <span class='ocr_line' id='line_1_22' title="bbox 226 1331 1853 1376; baseline 0.001 -11"><span class='ocrx_word' id='word_1_235' title='bbox 226 1331 490 1365; x_wconf 87' lang='lat' dir='ltr'><strong>LUDOVICUS</strong></span> <span class='ocrx_word' id='word_1_236' title='bbox 507 1331 696 1369; x_wconf 85' lang='lat' dir='ltr'><strong>ELSTER,</strong></span> <span class='ocrx_word' id='word_1_237' title='bbox 721 1332 779 1365; x_wconf 91' lang='lat' dir='ltr'><strong>Dr.</strong></span> <span class='ocrx_word' id='word_1_238' title='bbox 801 1332 836 1365; x_wconf 93' lang='lat' dir='ltr'><strong>P.</strong></span> <span class='ocrx_word' id='word_1_239' title='bbox 854 1333 889 1366; x_wconf 92' lang='lat' dir='ltr'><strong>P.</strong></span> <span class='ocrx_word' id='word_1_240' title='bbox 909 1332 949 1367; x_wconf 88' lang='lat' dir='ltr'><strong>O.</strong></span> <span class='ocrx_word' id='word_1_241' title='bbox 995 1333 1168 1365; x_wconf 89' lang='lat' dir='ltr'><strong>Publice</strong></span> <span class='ocrx_word' id='word_1_242' title='bbox 1190 1334 1215 1365; x_wconf 90' lang='grc' dir='ltr'>Ι.</span> <span class='ocrx_word' id='word_1_243' title='bbox 1259 1335 1514 1367; x_wconf 69' lang='lat' dir='ltr'><strong>Emer-citationes</strong></span> <span class='ocrx_word' id='word_1_244' title='bbox 1536 1336 1853 1376; x_wconf 83' lang='lat' dir='ltr'><strong>oeconomico-potiti-</strong></span> 
     </span>
    </p>
   </div>
   <div class='ocr_carea' id='block_1_7' title="bbox 0 1383 1853 1531">
    <p class='ocr_par' dir='ltr' id='par_1_10' title="bbox 0 1383 1853 1531">
     <span class='ocr_line' id='line_1_23' title="bbox 0 1383 1853 1428; baseline 0.001 -12"><span class='ocrx_word' id='word_1_245' title='bbox 0 1414 3 1421; x_wconf 72' lang='grc'>,</span> <span class='ocrx_word' id='word_1_246' title='bbox 73 1394 128 1417; x_wconf 79' lang='lat' dir='ltr'><strong>cas</strong></span> <span class='ocrx_word' id='word_1_247' title='bbox 155 1383 385 1416; x_wconf 84' lang='lat' dir='ltr'><strong>moderabitur</strong></span> <span class='ocrx_word' id='word_1_248' title='bbox 408 1383 460 1415; x_wconf 87' lang='lat' dir='ltr'><strong>bis</strong></span> <span class='ocrx_word' id='word_1_249' title='bbox 484 1394 543 1426; x_wconf 90' lang='lat' dir='ltr'><strong>per</strong></span> <span class='ocrx_word' id='word_1_250' title='bbox 566 1383 667 1416; x_wconf 92' lang='lat' dir='ltr'><strong>hebd.</strong></span> <span class='ocrx_word' id='word_1_251' title='bbox 691 1383 724 1415; x_wconf 87' lang='lat' dir='ltr'><strong>h.</strong></span> <span class='ocrx_word' id='word_1_252' title='bbox 749 1383 814 1418; x_wconf 83' lang='lat' dir='ltr'><strong>def.</strong></span> <span class='ocrx_word' id='word_1_253' title='bbox 860 1384 1057 1416; x_wconf 82' lang='lat' dir='ltr'><strong>Privatim</strong></span> <span class='ocrx_word' id='word_1_254' title='bbox 1074 1385 1114 1417; x_wconf 91' lang='grc' dir='ltr'><strong>ΙΙ.</strong></span> <span class='ocrx_word' id='word_1_255' title='bbox 1140 1385 1350 1417; x_wconf 78' lang='lat' dir='ltr'><strong>oeconomiae</strong></span> <span class='ocrx_word' id='word_1_256' title='bbox 1367 1386 1518 1427; x_wconf 81' lang='lat' dir='ltr'><strong>politicae</strong></span> <span class='ocrx_word' id='word_1_257' title='bbox 1536 1390 1662 1428; x_wconf 82' lang='lat' dir='ltr'><strong>partem</strong></span> <span class='ocrx_word' id='word_1_258' title='bbox 1684 1386 1853 1428; x_wconf 82' lang='lat' dir='ltr'><strong>specialem</strong></span> 
     </span>
     <span class='ocr_line' id='line_1_24' title="bbox 0 1434 1853 1483; baseline 0.001 -17"><span class='ocrx_word' id='word_1_259' title='bbox 0 1459 3 1483; x_wconf 64' lang='lat'><strong>5</strong></span> <span class='ocrx_word' id='word_1_260' title='bbox 73 1434 212 1467; x_wconf 81' lang='lat' dir='ltr'><strong>docebit</strong></span> <span class='ocrx_word' id='word_1_261' title='bbox 239 1434 272 1468; x_wconf 90' lang='lat' dir='ltr'><strong>d.</strong></span> <span class='ocrx_word' id='word_1_262' title='bbox 298 1434 383 1466; x_wconf 89' lang='lat' dir='ltr'><strong>Lun.</strong></span> <span class='ocrx_word' id='word_1_263' title='bbox 406 1434 505 1467; x_wconf 82' lang='lat' dir='ltr'><strong>Mart.</strong></span> <span class='ocrx_word' id='word_1_264' title='bbox 528 1435 599 1467; x_wconf 89' lang='lat' dir='ltr'><strong>Iov.</strong></span> <span class='ocrx_word' id='word_1_265' title='bbox 623 1434 709 1467; x_wconf 89' lang='lat' dir='ltr'><strong>Ven.</strong></span> <span class='ocrx_word' id='word_1_266' title='bbox 733 1434 765 1467; x_wconf 92' lang='lat' dir='ltr'><strong>h.</strong></span> <span class='ocrx_word' id='word_1_267' title='bbox 791 1434 880 1467; x_wconf 84' lang='lat' dir='ltr'><strong>VIII.</strong></span> <span class='ocrx_word' id='word_1_268' title='bbox 924 1436 981 1468; x_wconf 90' lang='lat' dir='ltr'><strong>III.</strong></span> <span class='ocrx_word' id='word_1_269' title='bbox 1014 1436 1181 1468; x_wconf 85' lang='lat' dir='ltr'><strong>Theoriam</strong></span> <span class='ocrx_word' id='word_1_270' title='bbox 1208 1437 1285 1468; x_wconf 78' lang='lat' dir='ltr'><strong>artis</strong></span> <span class='ocrx_word' id='word_1_271' title='bbox 1309 1437 1482 1469; x_wconf 76' lang='lat' dir='ltr'><strong>stetisticae</strong></span> <span class='ocrx_word' id='word_1_272' title='bbox 1505 1437 1617 1469; x_wconf 84' lang='lat' dir='ltr'><strong>tradet</strong></span> <span class='ocrx_word' id='word_1_273' title='bbox 1639 1437 1670 1470; x_wconf 86' lang='lat' dir='ltr'><strong>d.</strong></span> <span class='ocrx_word' id='word_1_274' title='bbox 1696 1436 1796 1469; x_wconf 84' lang='lat' dir='ltr'><strong>Mart.</strong></span> <span class='ocrx_word' id='word_1_275' title='bbox 1820 1443 1853 1468; x_wconf 88' lang='lat' dir='ltr'><strong>et</strong></span> 
     </span>
     <span class='ocr_line' id='line_1_25' title="bbox 0 1485 1152 1531; baseline 0.001 -14"><span class='ocrx_word' id='word_1_276' title='bbox 0 1510 2 1531; x_wconf 33' lang='grc' dir='ltr'><strong><em>ἶ</em></strong></span> <span class='ocrx_word' id='word_1_277' title='bbox 73 1485 159 1519; x_wconf 87' lang='lat' dir='ltr'><strong>Ven.</strong></span> <span class='ocrx_word' id='word_1_278' title='bbox 182 1485 215 1518; x_wconf 90' lang='lat' dir='ltr'><strong>h.</strong></span> <span class='ocrx_word' id='word_1_279' title='bbox 237 1486 295 1518; x_wconf 86' lang='lat' dir='ltr'><strong>m.</strong></span> <span class='ocrx_word' id='word_1_280' title='bbox 339 1485 398 1518; x_wconf 95' lang='lat' dir='ltr'><strong>IV.</strong></span> <span class='ocrx_word' id='word_1_281' title='bbox 423 1486 472 1518; x_wconf 89' lang='lat' dir='ltr'><strong>De</strong></span> <span class='ocrx_word' id='word_1_282' title='bbox 493 1497 529 1518; x_wconf 82' lang='lat' dir='ltr'><strong>re</strong></span> <span class='ocrx_word' id='word_1_283' title='bbox 551 1487 665 1518; x_wconf 76' lang='lat' dir='ltr'><strong>sociali</strong></span> <span class='ocrx_word' id='word_1_284' title='bbox 687 1485 833 1517; x_wconf 85' lang='lat' dir='ltr'><strong>disseret</strong></span> <span class='ocrx_word' id='word_1_285' title='bbox 856 1485 888 1519; x_wconf 87' lang='lat' dir='ltr'><strong>d.</strong></span> <span class='ocrx_word' id='word_1_286' title='bbox 911 1486 1016 1519; x_wconf 89' lang='lat' dir='ltr'><strong>Merc.</strong></span> <span class='ocrx_word' id='word_1_287' title='bbox 1040 1486 1073 1518; x_wconf 91' lang='lat' dir='ltr'><strong>h.</strong></span> <span class='ocrx_word' id='word_1_288' title='bbox 1096 1487 1152 1522; x_wconf 84' lang='lat' dir='ltr'><strong>VI.</strong></span> 
     </span>
    </p>
   </div>
   <div class='ocr_carea' id='block_1_8' title="bbox 223 1535 1852 1580">
    <p class='ocr_par' dir='ltr' id='par_1_11' title="bbox 223 1535 1852 1580">
     <span class='ocr_line' id='line_1_26' title="bbox 223 1535 1852 1580; baseline 0.001 -12"><span class='ocrx_word' id='word_1_289' title='bbox 223 1535 419 1569; x_wconf 88' lang='lat' dir='ltr'><strong>IACOBUS</strong></span> <span class='ocrx_word' id='word_1_290' title='bbox 453 1536 813 1574; x_wconf 78' lang='lat' dir='ltr'><strong>FREUDENTHAL,</strong></span> <span class='ocrx_word' id='word_1_291' title='bbox 856 1536 913 1570; x_wconf 90' lang='lat' dir='ltr'><strong>Dr.</strong></span> <span class='ocrx_word' id='word_1_292' title='bbox 947 1537 984 1571; x_wconf 89' lang='lat' dir='ltr'><strong>P.</strong></span> <span class='ocrx_word' id='word_1_293' title='bbox 1013 1538 1049 1570; x_wconf 91' lang='lat' dir='ltr'><strong>P.</strong></span> <span class='ocrx_word' id='word_1_294' title='bbox 1080 1537 1120 1570; x_wconf 92' lang='lat' dir='ltr'><strong>O.</strong></span> <span class='ocrx_word' id='word_1_295' title='bbox 1176 1538 1351 1570; x_wconf 86' lang='lat' dir='ltr'><strong>Publice</strong></span> <span class='ocrx_word' id='word_1_296' title='bbox 1392 1538 1416 1571; x_wconf 90' lang='grc' dir='ltr'>Ι.</span> <span class='ocrx_word' id='word_1_297' title='bbox 1465 1539 1719 1571; x_wconf 66' lang='lat' dir='ltr'><strong>Emer-citationes</strong></span> <span class='ocrx_word' id='word_1_298' title='bbox 1750 1539 1852 1580; x_wconf 81' lang='lat' dir='ltr'><strong>philo-</strong></span> 
     </span>
    </p>
   </div>
   <div class='ocr_carea' id='block_1_9' title="bbox 0 1587 1853 1630">
    <p class='ocr_par' dir='ltr' id='par_1_12' title="bbox 0 1587 1853 1630">
     <span class='ocr_line' id='line_1_27' title="bbox 0 1587 1853 1630; baseline 0.001 -10"><span class='ocrx_word' id='word_1_299' title='bbox 0 1600 2 1608; x_wconf 64' lang='lat'>&gt;</span> <span class='ocrx_word' id='word_1_300' title='bbox 70 1587 188 1629; x_wconf 72' lang='lat' dir='ltr'><strong>sophae</strong></span> <span class='ocrx_word' id='word_1_301' title='bbox 222 1588 260 1620; x_wconf 86' lang='lat' dir='ltr'><strong>de</strong></span> <span class='ocrx_word' id='word_1_302' title='bbox 298 1588 410 1620; x_wconf 77' lang='lat' dir='ltr'><strong>Kontii</strong></span> <span class='ocrx_word' id='word_1_303' title='bbox 437 1587 643 1629; x_wconf 76' lang='lat' dir='ltr'><strong>philosophia</strong></span> <span class='ocrx_word' id='word_1_304' title='bbox 682 1587 912 1620; x_wconf 82' lang='lat' dir='ltr'><strong>moderabitur</strong></span> <span class='ocrx_word' id='word_1_305' title='bbox 947 1587 979 1620; x_wconf 87' lang='lat' dir='ltr'><strong>d.</strong></span> <span class='ocrx_word' id='word_1_306' title='bbox 1012 1589 1083 1621; x_wconf 91' lang='lat' dir='ltr'><strong>Iov.</strong></span> <span class='ocrx_word' id='word_1_307' title='bbox 1118 1588 1151 1622; x_wconf 88' lang='lat' dir='ltr'><strong>h.</strong></span> <span class='ocrx_word' id='word_1_308' title='bbox 1187 1588 1246 1622; x_wconf 92' lang='lat' dir='ltr'><strong>VI.</strong></span> <span class='ocrx_word' id='word_1_309' title='bbox 1298 1588 1495 1621; x_wconf 85' lang='lat' dir='ltr'><strong>Privatim</strong></span> <span class='ocrx_word' id='word_1_310' title='bbox 1524 1590 1566 1622; x_wconf 89' lang='lat'><strong>11.</strong></span> <span class='ocrx_word' id='word_1_311' title='bbox 1612 1589 1853 1630; x_wconf 75' lang='lat' dir='ltr'><strong>Psycholoyiam</strong></span> 
     </span>
    </p>
   </div>
   <div class='ocr_carea' id='block_1_10' title="bbox 0 1731 10 2000">
    <p class='ocr_par' dir='ltr' id='par_1_13' title="bbox 0 1671 10 2000">
     <span class='ocr_line' id='line_1_28' title="bbox 0 1731 10 2000; textangle 90"><span class='ocrx_word' id='word_1_312' title='bbox 6 1997 9 2000; x_wconf 94' lang='lat'><strong>.</strong></span> <span class='ocrx_word' id='word_1_313' title='bbox 0 1769 10 1969; x_wconf 46' lang='grc' dir='ltr'><strong>ηΜ-γ-τ-ν</strong></span> <span class='ocrx_word' id='word_1_314' title='bbox 0 1731 8 1744; x_wconf 88' lang='grc'><strong>-;</strong></span> 
     </span>
    </p>
   </div>
   <div class='ocr_carea' id='block_1_11' title="bbox 0 2209 23 2748">
    <p class='ocr_par' dir='ltr' id='par_1_14' title="bbox 0 2209 23 2748">
     <span class='ocr_line' id='line_1_29' title="bbox 0 2209 23 2748; baseline 0 0"><span class='ocrx_word' id='word_1_315' title='bbox 0 2209 23 2748; x_wconf 95' lang='lat' dir='ltr'><strong> </strong></span> 
     </span>
    </p>
   </div>
   <div class='ocr_carea' id='block_1_12' title="bbox 70 1638 1852 2241">
    <p class='ocr_par' dir='ltr' id='par_1_15' title="bbox 74 1638 829 1672">
     <span class='ocr_line' id='line_1_30' title="bbox 74 1638 829 1672; baseline 0 0"><span class='ocrx_word' id='word_1_316' title='bbox 74 1638 212 1672; x_wconf 83' lang='lat' dir='ltr'><strong>docebit</strong></span> <span class='ocrx_word' id='word_1_317' title='bbox 235 1638 268 1672; x_wconf 83' lang='lat' dir='ltr'><strong>d.</strong></span> <span class='ocrx_word' id='word_1_318' title='bbox 282 1638 366 1671; x_wconf 87' lang='lat' dir='ltr'><strong>Lun.</strong></span> <span class='ocrx_word' id='word_1_319' title='bbox 384 1638 483 1671; x_wconf 87' lang='lat' dir='ltr'><strong>Mart.</strong></span> <span class='ocrx_word' id='word_1_320' title='bbox 506 1638 611 1671; x_wconf 85' lang='lat' dir='ltr'><strong>Merc.</strong></span> <span class='ocrx_word' id='word_1_321' title='bbox 634 1639 706 1671; x_wconf 89' lang='lat' dir='ltr'><strong>Iov.</strong></span> <span class='ocrx_word' id='word_1_322' title='bbox 729 1638 762 1671; x_wconf 92' lang='lat' dir='ltr'><strong>h.</strong></span> <span class='ocrx_word' id='word_1_323' title='bbox 786 1638 829 1672; x_wconf 90' lang='lat' dir='ltr'><strong>V.</strong></span> 
     </span>
    </p>

    <p class='ocr_par' dir='ltr' id='par_1_16' title="bbox 71 1688 1851 1886">
     <span class='ocr_line' id='line_1_31' title="bbox 224 1688 1849 1733; baseline 0.001 -11"><span class='ocrx_word' id='word_1_324' title='bbox 224 1688 470 1722; x_wconf 87' lang='lat' dir='ltr'><strong>AUGUSTUS</strong></span> <span class='ocrx_word' id='word_1_325' title='bbox 494 1688 610 1729; x_wconf 82' lang='lat' dir='ltr'><strong>FICK,</strong></span> <span class='ocrx_word' id='word_1_326' title='bbox 635 1689 693 1722; x_wconf 90' lang='lat' dir='ltr'><strong>Dr.</strong></span> <span class='ocrx_word' id='word_1_327' title='bbox 717 1689 753 1722; x_wconf 88' lang='lat' dir='ltr'><strong>P.</strong></span> <span class='ocrx_word' id='word_1_328' title='bbox 776 1689 812 1723; x_wconf 89' lang='lat' dir='ltr'><strong>P.</strong></span> <span class='ocrx_word' id='word_1_329' title='bbox 837 1688 877 1721; x_wconf 90' lang='lat' dir='ltr'><strong>O.</strong></span> <span class='ocrx_word' id='word_1_330' title='bbox 923 1689 1098 1722; x_wconf 90' lang='lat' dir='ltr'><strong>Publice</strong></span> <span class='ocrx_word' id='word_1_331' title='bbox 1121 1691 1145 1723; x_wconf 92' lang='grc' dir='ltr'>Ι.</span> <span class='ocrx_word' id='word_1_332' title='bbox 1193 1692 1240 1723; x_wconf 91' lang='lat' dir='ltr'><strong>De</strong></span> <span class='ocrx_word' id='word_1_333' title='bbox 1269 1693 1404 1733; x_wconf 78' lang='lat' dir='ltr'><strong>oriyine,</strong></span> <span class='ocrx_word' id='word_1_334' title='bbox 1433 1692 1550 1731; x_wconf 83' lang='lat' dir='ltr'><strong>indole,</strong></span> <span class='ocrx_word' id='word_1_335' title='bbox 1575 1701 1753 1732; x_wconf 66' lang='lat' dir='ltr'><strong>progressu</strong></span> <span class='ocrx_word' id='word_1_336' title='bbox 1781 1702 1849 1723; x_wconf 81' lang='lat' dir='ltr'><strong>ser·</strong></span> 
     </span>
     <span class='ocr_line' id='line_1_32' title="bbox 71 1740 1851 1783; baseline -0.001 -9"><span class='ocrx_word' id='word_1_337' title='bbox 71 1742 175 1774; x_wconf 82' lang='lat' dir='ltr'><strong>monis</strong></span> <span class='ocrx_word' id='word_1_338' title='bbox 197 1741 328 1773; x_wconf 74' lang='lat' dir='ltr'><strong>humani</strong></span> <span class='ocrx_word' id='word_1_339' title='bbox 357 1740 502 1772; x_wconf 79' lang='lat' dir='ltr'><strong>disseret</strong></span> <span class='ocrx_word' id='word_1_340' title='bbox 524 1740 556 1773; x_wconf 86' lang='lat' dir='ltr'><strong>d.</strong></span> <span class='ocrx_word' id='word_1_341' title='bbox 579 1740 683 1772; x_wconf 91' lang='lat' dir='ltr'><strong>Merc.</strong></span> <span class='ocrx_word' id='word_1_342' title='bbox 708 1745 741 1772; x_wconf 89' lang='lat' dir='ltr'><strong>et</strong></span> <span class='ocrx_word' id='word_1_343' title='bbox 769 1740 840 1772; x_wconf 84' lang='lat' dir='ltr'><strong>Sat.</strong></span> <span class='ocrx_word' id='word_1_344' title='bbox 865 1740 896 1773; x_wconf 94' lang='lat' dir='ltr'><strong>h.</strong></span> <span class='ocrx_word' id='word_1_345' title='bbox 919 1741 976 1774; x_wconf 88' lang='lat'><strong>111.</strong></span> <span class='ocrx_word' id='word_1_346' title='bbox 1021 1742 1222 1773; x_wconf 83' lang='lat' dir='ltr'><strong>Privatim</strong></span> <span class='ocrx_word' id='word_1_347' title='bbox 1245 1742 1286 1774; x_wconf 89' lang='grc' dir='ltr'><strong>ΙΙ.</strong></span> <span class='ocrx_word' id='word_1_348' title='bbox 1333 1742 1581 1774; x_wconf 84' lang='lat' dir='ltr'><strong>Grammaticam</strong></span> <span class='ocrx_word' id='word_1_349' title='bbox 1603 1744 1851 1783; x_wconf 82' lang='lat' dir='ltr'><strong>cmnparativam</strong></span> 
     </span>
     <span class='ocr_line' id='line_1_33' title="bbox 71 1791 1849 1834; baseline -0.001 -9"><span class='ocrx_word' id='word_1_350' title='bbox 71 1791 253 1834; x_wconf 68' lang='lat' dir='ltr'><strong>linquamm</strong></span> <span class='ocrx_word' id='word_1_351' title='bbox 267 1791 585 1833; x_wconf 75' lang='lat' dir='ltr'><strong>Indoyermanarum,</strong></span> <span class='ocrx_word' id='word_1_352' title='bbox 613 1801 694 1833; x_wconf 81' lang='lat' dir='ltr'><strong>quae</strong></span> <span class='ocrx_word' id='word_1_353' title='bbox 715 1795 880 1832; x_wconf 74' lang='lat' dir='ltr'><strong>vocantur,</strong></span> <span class='ocrx_word' id='word_1_354' title='bbox 905 1791 1042 1823; x_wconf 87' lang='lat' dir='ltr'><strong>docebit</strong></span> <span class='ocrx_word' id='word_1_355' title='bbox 1065 1792 1096 1824; x_wconf 92' lang='lat' dir='ltr'><strong>d.</strong></span> <span class='ocrx_word' id='word_1_356' title='bbox 1121 1793 1204 1826; x_wconf 89' lang='lat' dir='ltr'><strong>Lun.</strong></span> <span class='ocrx_word' id='word_1_357' title='bbox 1228 1792 1327 1826; x_wconf 86' lang='lat' dir='ltr'><strong>Mart.</strong></span> <span class='ocrx_word' id='word_1_358' title='bbox 1351 1794 1422 1825; x_wconf 86' lang='lat' dir='ltr'><strong>Iov.</strong></span> <span class='ocrx_word' id='word_1_359' title='bbox 1449 1792 1532 1825; x_wconf 85' lang='lat' dir='ltr'><strong>Ven.</strong></span> <span class='ocrx_word' id='word_1_360' title='bbox 1557 1792 1589 1824; x_wconf 90' lang='lat' dir='ltr'><strong>h.</strong></span> <span class='ocrx_word' id='word_1_361' title='bbox 1613 1793 1669 1824; x_wconf 91' lang='lat'><strong>111.</strong></span> <span class='ocrx_word' id='word_1_362' title='bbox 1715 1792 1849 1824; x_wconf 87' lang='lat' dir='ltr'><strong>Priva-</strong></span> 
     </span>
     <span class='ocr_line' id='line_1_34' title="bbox 72 1842 1775 1886; baseline 0.001 -11"><span class='ocrx_word' id='word_1_363' title='bbox 72 1842 227 1876; x_wconf 83' lang='lat' dir='ltr'><strong>tissime</strong></span> <span class='ocrx_word' id='word_1_364' title='bbox 252 1846 290 1874; x_wconf 90' lang='lat' dir='ltr'><strong>et</strong></span> <span class='ocrx_word' id='word_1_365' title='bbox 319 1843 451 1886; x_wconf 83' lang='lat' dir='ltr'><strong>gratis</strong></span> <span class='ocrx_word' id='word_1_366' title='bbox 474 1843 531 1876; x_wconf 90' lang='lat'><strong>111.</strong></span> <span class='ocrx_word' id='word_1_367' title='bbox 575 1843 830 1875; x_wconf 69' lang='lat' dir='ltr'><strong>Exercitationes</strong></span> <span class='ocrx_word' id='word_1_368' title='bbox 851 1845 1076 1883; x_wconf 74' lang='lat' dir='ltr'><strong>yrammaticas</strong></span> <span class='ocrx_word' id='word_1_369' title='bbox 1099 1843 1330 1876; x_wconf 82' lang='lat' dir='ltr'><strong>moderabitur</strong></span> <span class='ocrx_word' id='word_1_370' title='bbox 1352 1843 1405 1875; x_wconf 91' lang='lat' dir='ltr'><strong>bis</strong></span> <span class='ocrx_word' id='word_1_371' title='bbox 1427 1854 1488 1886; x_wconf 85' lang='lat' dir='ltr'><strong>per</strong></span> <span class='ocrx_word' id='word_1_372' title='bbox 1516 1843 1618 1875; x_wconf 85' lang='lat' dir='ltr'><strong>hebd.</strong></span> <span class='ocrx_word' id='word_1_373' title='bbox 1649 1843 1681 1876; x_wconf 89' lang='lat' dir='ltr'><strong>h.</strong></span> <span class='ocrx_word' id='word_1_374' title='bbox 1709 1842 1775 1876; x_wconf 79' lang='lat' dir='ltr'><strong>def.</strong></span> 
     </span>
    </p>

    <p class='ocr_par' dir='ltr' id='par_1_17' title="bbox 70 1892 1852 2037">
     <span class='ocr_line' id='line_1_35' title="bbox 224 1892 1852 1934; baseline 0.001 -9"><span class='ocrx_word' id='word_1_375' title='bbox 224 1892 462 1926; x_wconf 82' lang='lat' dir='ltr'><strong>ALFREDUS</strong></span> <span class='ocrx_word' id='word_1_376' title='bbox 498 1893 838 1931; x_wconf 75' lang='lat' dir='ltr'><strong>HILLEBRANDT,</strong></span> <span class='ocrx_word' id='word_1_377' title='bbox 871 1894 930 1927; x_wconf 90' lang='lat' dir='ltr'><strong>Dr.</strong></span> <span class='ocrx_word' id='word_1_378' title='bbox 959 1893 995 1926; x_wconf 91' lang='lat' dir='ltr'><strong>P.</strong></span> <span class='ocrx_word' id='word_1_379' title='bbox 1024 1894 1060 1927; x_wconf 90' lang='lat' dir='ltr'><strong>P.</strong></span> <span class='ocrx_word' id='word_1_380' title='bbox 1091 1894 1130 1926; x_wconf 90' lang='lat' dir='ltr'><strong>O.</strong></span> <span class='ocrx_word' id='word_1_381' title='bbox 1187 1894 1360 1926; x_wconf 87' lang='lat' dir='ltr'><strong>Publice</strong></span> <span class='ocrx_word' id='word_1_382' title='bbox 1393 1895 1418 1927; x_wconf 93' lang='lat' dir='ltr'><strong>I.</strong></span> <span class='ocrx_word' id='word_1_383' title='bbox 1460 1895 1603 1927; x_wconf 80' lang='lat' dir='ltr'><strong>Calida‘si</strong></span> <span class='ocrx_word' id='word_1_384' title='bbox 1631 1895 1852 1934; x_wconf 70' lang='lat' dir='ltr'><strong>Meqhadfitam</strong></span> 
     </span>
     <span class='ocr_line' id='line_1_36' title="bbox 70 1944 1850 1988; baseline 0 -10"><span class='ocrx_word' id='word_1_385' title='bbox 70 1945 347 1988; x_wconf 81' lang='lat' dir='ltr'><strong>interpretabitur</strong></span> <span class='ocrx_word' id='word_1_386' title='bbox 381 1945 412 1977; x_wconf 93' lang='lat' dir='ltr'><strong>d.</strong></span> <span class='ocrx_word' id='word_1_387' title='bbox 448 1945 547 1978; x_wconf 88' lang='lat' dir='ltr'><strong>Mart.</strong></span> <span class='ocrx_word' id='word_1_388' title='bbox 576 1949 609 1977; x_wconf 89' lang='lat' dir='ltr'><strong>et</strong></span> <span class='ocrx_word' id='word_1_389' title='bbox 642 1945 724 1978; x_wconf 90' lang='lat' dir='ltr'><strong>Ven.</strong></span> <span class='ocrx_word' id='word_1_390' title='bbox 755 1944 787 1978; x_wconf 92' lang='lat' dir='ltr'><strong>h.</strong></span> <span class='ocrx_word' id='word_1_391' title='bbox 819 1944 893 1976; x_wconf 88' lang='lat' dir='ltr'><strong>XII.</strong></span> <span class='ocrx_word' id='word_1_392' title='bbox 951 1945 991 1978; x_wconf 90' lang='lat'><strong>11.</strong></span> <span class='ocrx_word' id='word_1_393' title='bbox 1027 1944 1147 1978; x_wconf 87' lang='lat' dir='ltr'><strong>Selecta</strong></span> <span class='ocrx_word' id='word_1_394' title='bbox 1169 1946 1329 1986; x_wconf 77' lang='lat' dir='ltr'><strong>Riyvedae</strong></span> <span class='ocrx_word' id='word_1_395' title='bbox 1351 1947 1495 1978; x_wconf 79' lang='lat' dir='ltr'><strong>carmina</strong></span> <span class='ocrx_word' id='word_1_396' title='bbox 1518 1945 1795 1987; x_wconf 83' lang='lat' dir='ltr'><strong>interpretabitur</strong></span> <span class='ocrx_word' id='word_1_397' title='bbox 1817 1945 1850 1978; x_wconf 91' lang='lat' dir='ltr'><strong>d.</strong></span> 
     </span>
     <span class='ocr_line' id='line_1_37' title="bbox 71 1995 1849 2037; baseline -0.001 -7"><span class='ocrx_word' id='word_1_398' title='bbox 71 1997 155 2030; x_wconf 87' lang='lat' dir='ltr'><strong>Lun.</strong></span> <span class='ocrx_word' id='word_1_399' title='bbox 179 2001 213 2029; x_wconf 85' lang='lat' dir='ltr'><strong>et</strong></span> <span class='ocrx_word' id='word_1_400' title='bbox 233 1996 350 2030; x_wconf 86' lang='lat' dir='ltr'><strong>Iov.h.</strong></span> <span class='ocrx_word' id='word_1_401' title='bbox 367 1996 410 2029; x_wconf 92' lang='lat' dir='ltr'><strong>V.</strong></span> <span class='ocrx_word' id='word_1_402' title='bbox 449 1996 646 2028; x_wconf 80' lang='lat' dir='ltr'><strong>Privatim</strong></span> <span class='ocrx_word' id='word_1_403' title='bbox 669 1996 727 2028; x_wconf 91' lang='lat'><strong>111.</strong></span> <span class='ocrx_word' id='word_1_404' title='bbox 761 1997 925 2028; x_wconf 74' lang='lat' dir='ltr'><strong>Elementa</strong></span> <span class='ocrx_word' id='word_1_405' title='bbox 947 1997 1074 2037; x_wconf 70' lang='lat' dir='ltr'><strong>linquae</strong></span> <span class='ocrx_word' id='word_1_406' title='bbox 1089 1996 1255 2029; x_wconf 81' lang='lat' dir='ltr'><strong>Avesticae</strong></span> <span class='ocrx_word' id='word_1_407' title='bbox 1278 1996 1415 2028; x_wconf 85' lang='lat' dir='ltr'><strong>docebit</strong></span> <span class='ocrx_word' id='word_1_408' title='bbox 1438 1996 1471 2028; x_wconf 83' lang='lat' dir='ltr'><strong>d.</strong></span> <span class='ocrx_word' id='word_1_409' title='bbox 1484 1996 1569 2029; x_wconf 90' lang='lat' dir='ltr'><strong>Lun.</strong></span> <span class='ocrx_word' id='word_1_410' title='bbox 1592 2002 1625 2027; x_wconf 88' lang='lat' dir='ltr'><strong>et</strong></span> <span class='ocrx_word' id='word_1_411' title='bbox 1647 1997 1717 2029; x_wconf 85' lang='lat' dir='ltr'><strong>Iov.</strong></span> <span class='ocrx_word' id='word_1_412' title='bbox 1741 1995 1774 2029; x_wconf 93' lang='lat' dir='ltr'><strong>h.</strong></span> <span class='ocrx_word' id='word_1_413' title='bbox 1791 1995 1849 2029; x_wconf 93' lang='lat' dir='ltr'><strong>VI.</strong></span> 
     </span>
    </p>

    <p class='ocr_par' dir='ltr' id='par_1_18' title="bbox 70 2046 1851 2192">
     <span class='ocr_line' id='line_1_38' title="bbox 222 2046 1849 2083; baseline -0.001 -2"><span class='ocrx_word' id='word_1_414' title='bbox 222 2047 488 2081; x_wconf 82' lang='lat' dir='ltr'><strong>RICHARDUS</strong></span> <span class='ocrx_word' id='word_1_415' title='bbox 512 2047 758 2080; x_wconf 88' lang='lat' dir='ltr'><strong>COLMARUS</strong></span> <span class='ocrx_word' id='word_1_416' title='bbox 782 2046 1112 2083; x_wconf 82' lang='lat' dir='ltr'><strong>GRUENHAGEN,</strong></span> <span class='ocrx_word' id='word_1_417' title='bbox 1139 2046 1195 2079; x_wconf 92' lang='lat' dir='ltr'><strong>Dr.</strong></span> <span class='ocrx_word' id='word_1_418' title='bbox 1219 2046 1254 2079; x_wconf 93' lang='lat' dir='ltr'><strong>P.</strong></span> <span class='ocrx_word' id='word_1_419' title='bbox 1271 2046 1306 2080; x_wconf 91' lang='lat' dir='ltr'><strong>P.</strong></span> <span class='ocrx_word' id='word_1_420' title='bbox 1329 2047 1368 2080; x_wconf 84' lang='lat' dir='ltr'><strong>E.</strong></span> <span class='ocrx_word' id='word_1_421' title='bbox 1406 2047 1603 2079; x_wconf 80' lang='lat' dir='ltr'><strong>Privatim</strong></span> <span class='ocrx_word' id='word_1_422' title='bbox 1623 2047 1649 2079; x_wconf 93' lang='grc' dir='ltr'>Ι.</span> <span class='ocrx_word' id='word_1_423' title='bbox 1671 2047 1849 2079; x_wconf 82' lang='lat' dir='ltr'><strong>Historiam</strong></span> 
     </span>
     <span class='ocr_line' id='line_1_39' title="bbox 73 2097 1851 2140; baseline -0.003 -7"><span class='ocrx_word' id='word_1_424' title='bbox 73 2101 206 2134; x_wconf 83' lang='lat' dir='ltr'><strong>Silesiae</strong></span> <span class='ocrx_word' id='word_1_425' title='bbox 227 2100 301 2132; x_wconf 80' lang='lat' dir='ltr'><strong>inde</strong></span> <span class='ocrx_word' id='word_1_426' title='bbox 323 2099 361 2131; x_wconf 84' lang='lat' dir='ltr'><strong>ab</strong></span> <span class='ocrx_word' id='word_1_427' title='bbox 385 2109 469 2131; x_wconf 83' lang='lat' dir='ltr'><strong>anno</strong></span> <span class='ocrx_word' id='word_1_428' title='bbox 493 2099 578 2131; x_wconf 86' lang='lat'><em>1527</em></span> <span class='ocrx_word' id='word_1_429' title='bbox 601 2098 769 2130; x_wconf 87' lang='lat' dir='ltr'><strong>enarrabit</strong></span> <span class='ocrx_word' id='word_1_430' title='bbox 792 2098 825 2133; x_wconf 81' lang='lat' dir='ltr'><strong>d.</strong></span> <span class='ocrx_word' id='word_1_431' title='bbox 847 2098 946 2130; x_wconf 89' lang='lat' dir='ltr'><strong>Mart.</strong></span> <span class='ocrx_word' id='word_1_432' title='bbox 971 2103 1005 2128; x_wconf 87' lang='lat' dir='ltr'><strong>et</strong></span> <span class='ocrx_word' id='word_1_433' title='bbox 1019 2097 1105 2130; x_wconf 90' lang='lat' dir='ltr'><strong>Ven.</strong></span> <span class='ocrx_word' id='word_1_434' title='bbox 1122 2097 1154 2129; x_wconf 83' lang='lat' dir='ltr'><strong>h.</strong></span> <span class='ocrx_word' id='word_1_435' title='bbox 1170 2097 1227 2130; x_wconf 87' lang='lat'><strong>111.</strong></span> <span class='ocrx_word' id='word_1_436' title='bbox 1272 2097 1564 2129; x_wconf 82' lang='lat' dir='ltr'><strong>Privatissime</strong></span> <span class='ocrx_word' id='word_1_437' title='bbox 1588 2102 1627 2129; x_wconf 88' lang='lat' dir='ltr'><strong>et</strong></span> <span class='ocrx_word' id='word_1_438' title='bbox 1650 2097 1781 2140; x_wconf 85' lang='lat' dir='ltr'><strong>gratis</strong></span> <span class='ocrx_word' id='word_1_439' title='bbox 1809 2098 1851 2130; x_wconf 90' lang='grc' dir='ltr'><strong>Π.</strong></span> 
     </span>
     <span class='ocr_line' id='line_1_40' title="bbox 70 2148 1316 2192; baseline -0.004 -7"><span class='ocrx_word' id='word_1_440' title='bbox 70 2152 324 2185; x_wconf 71' lang='lat' dir='ltr'><strong>Exercitationes</strong></span> <span class='ocrx_word' id='word_1_441' title='bbox 346 2151 731 2192; x_wconf 69' lang='lat' dir='ltr'><strong>historico-diplomaticus</strong></span> <span class='ocrx_word' id='word_1_442' title='bbox 755 2149 894 2181; x_wconf 90' lang='lat' dir='ltr'><strong>habebit</strong></span> <span class='ocrx_word' id='word_1_443' title='bbox 917 2148 950 2182; x_wconf 87' lang='lat' dir='ltr'><strong>d.</strong></span> <span class='ocrx_word' id='word_1_444' title='bbox 972 2149 1074 2181; x_wconf 88' lang='lat' dir='ltr'><strong>Merc.</strong></span> <span class='ocrx_word' id='word_1_445' title='bbox 1098 2148 1130 2181; x_wconf 94' lang='lat' dir='ltr'><strong>h.</strong></span> <span class='ocrx_word' id='word_1_446' title='bbox 1152 2148 1182 2180; x_wconf 90' lang='lat'><strong>11</strong></span> <span class='ocrx_word' id='word_1_447' title='bbox 1203 2154 1236 2180; x_wconf 88' lang='lat' dir='ltr'><strong>et</strong></span> <span class='ocrx_word' id='word_1_448' title='bbox 1257 2149 1316 2180; x_wconf 84' lang='lat' dir='ltr'><strong>III.</strong></span> 
     </span>
    </p>

    <p class='ocr_par' dir='ltr' id='par_1_19' title="bbox 223 2198 1849 2241">
     <span class='ocr_line' id='line_1_41' title="bbox 223 2198 1849 2241; baseline -0.002 -8"><span class='ocrx_word' id='word_1_449' title='bbox 223 2199 396 2233; x_wconf 87' lang='lat' dir='ltr'><strong>VICTOR</strong></span> <span class='ocrx_word' id='word_1_450' title='bbox 418 2200 481 2233; x_wconf 86' lang='lat' dir='ltr'><strong>DE</strong></span> <span class='ocrx_word' id='word_1_451' title='bbox 502 2199 715 2236; x_wconf 78' lang='lat' dir='ltr'><strong>RICHTER..</strong></span> <span class='ocrx_word' id='word_1_452' title='bbox 740 2199 798 2232; x_wconf 90' lang='lat' dir='ltr'><strong>Dr.</strong></span> <span class='ocrx_word' id='word_1_453' title='bbox 821 2199 858 2232; x_wconf 89' lang='lat' dir='ltr'><strong>P.</strong></span> <span class='ocrx_word' id='word_1_454' title='bbox 882 2199 917 2232; x_wconf 88' lang='lat' dir='ltr'><strong>P.</strong></span> <span class='ocrx_word' id='word_1_455' title='bbox 941 2199 979 2231; x_wconf 84' lang='lat' dir='ltr'><strong>E.</strong></span> <span class='ocrx_word' id='word_1_456' title='bbox 1023 2199 1194 2231; x_wconf 89' lang='lat' dir='ltr'><strong>Publice</strong></span> <span class='ocrx_word' id='word_1_457' title='bbox 1212 2198 1237 2232; x_wconf 92' lang='lat' dir='ltr'><strong>I.</strong></span> <span class='ocrx_word' id='word_1_458' title='bbox 1284 2199 1479 2241; x_wconf 75' lang='lat' dir='ltr'><strong>Colloquium</strong></span> <span class='ocrx_word' id='word_1_459' title='bbox 1502 2198 1673 2230; x_wconf 70' lang='lat' dir='ltr'><strong>chem-&#39;cum</strong></span> <span class='ocrx_word' id='word_1_460' title='bbox 1695 2198 1849 2230; x_wconf 78' lang='lat' dir='ltr'><strong>instituet</strong></span> 
     </span>
    </p>
   </div>
   <div class='ocr_carea' id='block_1_13' title="bbox 9 2227 1851 2336">
    <p class='ocr_par' dir='ltr' id='par_1_20' title="bbox 9 2227 1851 2336">
     <span class='ocr_line' id='line_1_42' title="bbox 9 2227 1851 2295; baseline -0.002 -11"><span class='ocrx_word' id='word_1_461' title='bbox 9 2227 12 2277; x_wconf 20' lang='grc' dir='ltr'>ἰ</span> <span class='ocrx_word' id='word_1_462' title='bbox 71 2251 175 2284; x_wconf 87' lang='lat' dir='ltr'><strong>semel</strong></span> <span class='ocrx_word' id='word_1_463' title='bbox 199 2262 259 2295; x_wconf 88' lang='lat' dir='ltr'><strong>per</strong></span> <span class='ocrx_word' id='word_1_464' title='bbox 281 2251 382 2284; x_wconf 87' lang='lat' dir='ltr'><strong>hebd.</strong></span> <span class='ocrx_word' id='word_1_465' title='bbox 411 2251 444 2284; x_wconf 90' lang='lat' dir='ltr'><strong>h.</strong></span> <span class='ocrx_word' id='word_1_466' title='bbox 468 2251 534 2285; x_wconf 83' lang='lat' dir='ltr'><strong>def.</strong></span> <span class='ocrx_word' id='word_1_467' title='bbox 579 2251 777 2283; x_wconf 83' lang='lat' dir='ltr'><strong>Privatim</strong></span> <span class='ocrx_word' id='word_1_468' title='bbox 806 2250 846 2283; x_wconf 90' lang='lat'><strong>11.</strong></span> <span class='ocrx_word' id='word_1_469' title='bbox 886 2250 1046 2283; x_wconf 82' lang='lat' dir='ltr'><strong>Chemiam</strong></span> <span class='ocrx_word' id='word_1_470' title='bbox 1073 2260 1242 2291; x_wconf 72' lang='lat' dir='ltr'><strong>corporum</strong></span> <span class='ocrx_word' id='word_1_471' title='bbox 1268 2251 1513 2282; x_wconf 74' lang='lat' dir='ltr'><strong>aromaticorum</strong></span> <span class='ocrx_word' id='word_1_472' title='bbox 1542 2248 1679 2281; x_wconf 87' lang='lat' dir='ltr'><strong>docebit</strong></span> <span class='ocrx_word' id='word_1_473' title='bbox 1709 2249 1760 2280; x_wconf 81' lang='lat' dir='ltr'><strong>bis</strong></span> <span class='ocrx_word' id='word_1_474' title='bbox 1790 2260 1851 2291; x_wconf 88' lang='lat' dir='ltr'><strong>per</strong></span> 
     </span>
     <span class='ocr_line' id='line_1_43' title="bbox 72 2302 321 2336; baseline 0 0"><span class='ocrx_word' id='word_1_475' title='bbox 72 2303 173 2336; x_wconf 86' lang='lat' dir='ltr'><strong>hebd.</strong></span> <span class='ocrx_word' id='word_1_476' title='bbox 196 2302 229 2335; x_wconf 89' lang='lat' dir='ltr'><strong>h.</strong></span> <span class='ocrx_word' id='word_1_477' title='bbox 254 2302 321 2336; x_wconf 87' lang='lat' dir='ltr'><strong>def.</strong></span> 
     </span>
    </p>
   </div>
   <div class='ocr_carea' id='block_1_14' title="bbox 71 2352 1849 2486">
    <p class='ocr_par' dir='ltr' id='par_1_21' title="bbox 71 2352 1849 2486">
     <span class='ocr_line' id='line_1_44' title="bbox 225 2352 1849 2390; baseline -0.002 -4"><span class='ocrx_word' id='word_1_478' title='bbox 225 2353 355 2386; x_wconf 89' lang='lat' dir='ltr'><strong>HUGO</strong></span> <span class='ocrx_word' id='word_1_479' title='bbox 379 2353 582 2390; x_wconf 88' lang='lat' dir='ltr'><strong>WEISKE,</strong></span> <span class='ocrx_word' id='word_1_480' title='bbox 614 2353 671 2386; x_wconf 90' lang='lat' dir='ltr'><strong>Dr.</strong></span> <span class='ocrx_word' id='word_1_481' title='bbox 695 2352 730 2385; x_wconf 90' lang='lat' dir='ltr'><strong>P.</strong></span> <span class='ocrx_word' id='word_1_482' title='bbox 753 2352 790 2385; x_wconf 90' lang='lat' dir='ltr'><strong>P.</strong></span> <span class='ocrx_word' id='word_1_483' title='bbox 814 2352 852 2385; x_wconf 89' lang='lat' dir='ltr'><strong>E.</strong></span> <span class='ocrx_word' id='word_1_484' title='bbox 898 2352 1067 2384; x_wconf 89' lang='lat' dir='ltr'><strong>Publice</strong></span> <span class='ocrx_word' id='word_1_485' title='bbox 1090 2353 1115 2384; x_wconf 91' lang='lat' dir='ltr'><strong>I.</strong></span> <span class='ocrx_word' id='word_1_486' title='bbox 1149 2353 1198 2383; x_wconf 89' lang='lat' dir='ltr'><strong>De</strong></span> <span class='ocrx_word' id='word_1_487' title='bbox 1220 2352 1398 2385; x_wconf 77' lang='lat' dir='ltr'><strong>actionibus</strong></span> <span class='ocrx_word' id='word_1_488' title='bbox 1427 2352 1574 2383; x_wconf 82' lang='lat' dir='ltr'><strong>chemicis</strong></span> <span class='ocrx_word' id='word_1_489' title='bbox 1597 2353 1640 2383; x_wconf 81' lang='lat' dir='ltr'><strong>ad</strong></span> <span class='ocrx_word' id='word_1_490' title='bbox 1662 2352 1849 2383; x_wconf 71' lang='lat' dir='ltr'><strong>animalium</strong></span> 
     </span>
     <span class='ocr_line' id='line_1_45' title="bbox 71 2401 1848 2447; baseline -0.003 -9"><span class='ocrx_word' id='word_1_491' title='bbox 71 2406 274 2438; x_wconf 71' lang='lat' dir='ltr'><strong>nutritionem</strong></span> <span class='ocrx_word' id='word_1_492' title='bbox 301 2405 514 2447; x_wconf 75' lang='lat' dir='ltr'><strong>spectantibus</strong></span> <span class='ocrx_word' id='word_1_493' title='bbox 543 2403 687 2436; x_wconf 81' lang='lat' dir='ltr'><strong>disseret</strong></span> <span class='ocrx_word' id='word_1_494' title='bbox 715 2403 747 2436; x_wconf 88' lang='lat' dir='ltr'><strong>d.</strong></span> <span class='ocrx_word' id='word_1_495' title='bbox 778 2403 849 2436; x_wconf 87' lang='lat' dir='ltr'><strong>Sat.</strong></span> <span class='ocrx_word' id='word_1_496' title='bbox 873 2403 981 2436; x_wconf 84' lang='lat' dir='ltr'><strong>11.X1.</strong></span> <span class='ocrx_word' id='word_1_497' title='bbox 1032 2402 1231 2434; x_wconf 85' lang='lat' dir='ltr'><strong>Privatim</strong></span> <span class='ocrx_word' id='word_1_498' title='bbox 1255 2403 1296 2435; x_wconf 90' lang='grc' dir='ltr'><strong>ΙΙ.</strong></span> <span class='ocrx_word' id='word_1_499' title='bbox 1319 2402 1539 2436; x_wconf 81' lang='lat' dir='ltr'><strong>Zoochemiam</strong></span> <span class='ocrx_word' id='word_1_500' title='bbox 1562 2402 1699 2434; x_wconf 85' lang='lat' dir='ltr'><strong>docebit</strong></span> <span class='ocrx_word' id='word_1_501' title='bbox 1722 2401 1755 2435; x_wconf 92' lang='lat' dir='ltr'><strong>d.</strong></span> <span class='ocrx_word' id='word_1_502' title='bbox 1777 2403 1848 2434; x_wconf 79' lang='lat' dir='ltr'><strong>Iov.</strong></span> 
     </span>
     <span class='ocr_line' id='line_1_46' title="bbox 545 2469 563 2486; baseline 0 0"><span class='ocrx_word' id='word_1_503' title='bbox 545 2469 563 2486; x_wconf 71' lang='lat'>0</span> 
     </span>
    </p>
   </div>
  </div>
 </body>
</html>
